2846 4250
1126 107 1365 158 LIBER
1402 107 1744 160 TERTIUS.
2525 125 2609 189 47
2619 126 2653 189 7

213 293 342 356 quo
390 272 584 354 ipsius
634 271 784 335 nodi
833 293 946 334 seu
991 285 1225 353 puncta
1268 272 1725 355 aequinoctialia
1773 273 2223 355 regrediuntur,
2272 295 2414 335 cum
2463 273 2655 358 globo

211 372 666 444 communicet-z
731 383 938 432 motus
985 371 1093 451 qui
1143 372 1402 432 restabit
1447 372 1510 432 in
1567 368 1800 432 annulo
1857 370 1975 431 erit
2023 370 2106 431 ad
2164 371 2357 450 ipsius
2415 386 2654 434 motum

211 471 496 551 priorem,
529 481 600 530 ut
647 486 817 546 4590
867 468 948 529 ad
994 471 1280 547 4898133
1328 469 1389 530 &
1431 480 1763 549 propterea
1806 480 2012 529 motus
2056 482 2425 553 punctorum
2464 472 2653 551 aequi-

213 566 568 630 noctialium
607 566 987 627 diminuetur
1028 566 1091 626 in
1136 567 1358 628 eadem
1402 567 1655 627 ratione.
1751 566 1892 626 Erit
1936 566 2123 648 igitur
2165 581 2372 628 motus
2415 590 2657 629 annuus

211 678 582 747 punctorum
639 662 1160 744 aequinoctialium
1211 664 1485 743 corporis
1543 685 1624 724 ex
1681 662 1910 725 annulo
1969 664 2030 724 &
2084 663 2275 746 globo
2333 666 2658 744 compositi

211 763 294 824 ad
345 775 583 824 motum
638 771 771 823 203¹·
833 761 926 822 11'
978 762 1118 838 46'',
1171 776 1241 824 ut
1299 767 1456 841 1436
1515 762 1598 823 ad
1660 782 1863 840 39343
1925 762 1987 823 &
2043 780 2212 841 4590
2268 763 2350 824 ad
2408 766 2657 841 489813

128 921 133 925 .
213 860 604 942 conjunctim,
653 858 718 919 id
764 871 875 931 est,
929 871 999 920 ut
1058 880 1175 922 100
1224 860 1307 920 ad
1361 881 1477 937 292
1489 865 1626 938 369.
1737 860 1922 920 Vires
1968 874 2178 921 autem
2229 861 2454 941 quibus
2513 860 2660 922 nodi

211 956 497 1018 lunarum
532 956 625 1039 (ut
675 978 863 1037 supra
908 956 1199 1039 explicui)
1233 970 1425 1038 atque
1477 958 1619 1019 ideo
1668 958 1894 1038 quibus
1922 958 2169 1037 'puncta
2210 957 2665 1039 aequinoctialia

212 1053 423 1117 annuli
453 1054 888 1137 regrediuntur
919 1054 1008 1136 (id
1051 1068 1149 1117 est
1190 1055 1358 1117 vires
1405 1076 1439 1134 3
1471 1057 1521 1116 I
1545 1056 1608 1116 T
1641 1055 1841 1136 z'nfig.
1859 1063 2010 1135 pag.
2045 1072 2169 1134 437
2217 1055 2278 1116 &
2320 1055 2471 1138 438)
2517 1068 2664 1117 sunt

218 1154 282 1215 in
328 1151 588 1236 singulis
635 1150 950 1233 particulis
1000 1166 1071 1214 ut
1117 1153 1430 1215 distantiae
1479 1151 1919 1234 particularum
1948 1175 1987 1213 a
2015 1152 2203 1233 plano
2252 1155 2309 1230 Q
2333 1156 2415 1228 R,
2459 1154 2521 1215 &
2566 1154 2664 1215 his

215 1253 452 1314 viribus
502 1250 820 1332 particulae
871 1250 992 1313 illae
1041 1251 1297 1332 planum
1339 1252 1619 1334 fugiunt;
1683 1252 1745 1314 &
1789 1263 2123 1332 propterea
2169 1251 2306 1333 (per
2332 1250 2472 1313 lem.
2507 1250 2578 1333 11)
2612 1251 2665 1311 si

217 1351 476 1412 materia
509 1348 719 1410 annuli
766 1370 881 1429 per
926 1362 1123 1410 totam
1172 1348 1348 1431 globi
1396 1349 1788 1429 superficiem
1840 1349 1902 1409 in
1949 1370 2188 1410 morem
2235 1349 2451 1431 figurae
2478 1351 2543 1410 P
2565 1372 2606 1410 a
2611 1358 2666 1430 p

214 1449 284 1510 A
312 1448 563 1529 PepE
608 1446 692 1507 ad
741 1447 1126 1526 superiorem
1168 1445 1335 1507 illam
1375 1459 1558 1507 terrae
1599 1459 1842 1526 partem
1889 1447 2387 1508 constituendam
2418 1470 2668 1529 sparge-

216 1561 399 1634 retur,
458 1547 556 1608 vis
616 1545 678 1607 &
734 1545 1009 1607 efficacia
1059 1543 1193 1606 tot'a
1250 1543 1692 1625 particularum
1750 1544 2027 1605 omnium
2086 1544 2168 1605 ad
2225 1557 2454 1606 terram
2512 1546 2671 1606 circa

215 1646 502 1728 quamvis
559 1644 894 1726 aequatoris
952 1644 1328 1704 diametrum
1393 1642 1736 1714 rotandam,
1790 1655 1980 1722 atque
2033 1642 2175 1704 ideo
2226 1643 2308 1703 ad
2359 1643 2672 1705 movenda

214 1759 445 1827 puncta
488 1741 957 1826 aequinoctialia,
990 1739 1292 1804 evaderet
1343 1741 1546 1802 minor
1589 1761 1779 1820 quam
1829 1740 1999 1821 prius
2041 1741 2102 1801 in
2155 1742 2393 1803 ratione
2433 1762 2463 1801 2
2498 1742 2579 1802 ad
2614 1759 2665 1820 5.

219 1845 500 1926 Ideoque
542 1864 787 1904 annuus
831 1842 1347 1922 aequinoctiorum
1392 1861 1712 1921 regressus
1734 1839 1867 1920 jam
1913 1852 2080 1900 esset
2119 1839 2199 1900 ad
2234 1850 2367 1902 20gr.
2407 1839 2502 1900 11'
2530 1839 2668 1916 46'',

216 1956 286 2004 ut
324 1963 398 2004 10
427 1942 510 2003 ad
545 1960 744 2021 73092
783 1964 795 2002 :
841 1962 914 2001 ac
944 1939 1211 2021 proinde
1241 1939 1418 2000 fieret
1450 1937 1531 2015 9''
1564 1936 1707 2016 56'''
1741 1935 1878 2015 505⁹.

331 2043 645 2104 Caeterum
675 2040 775 2101 hic
819 2054 1027 2101 motus
1072 2040 1154 2101 ob
1209 2037 1671 2099 inclinationem
1719 2036 1888 2117 plani
1941 2038 2274 2118 aequatoris
2304 2038 2385 2099 ad
2415 2036 2670 2118 planum

216 2139 517 2221 eclipticae
548 2138 924 2200 minuendus
955 2151 1069 2222 est.
1103 2138 1293 2218 idque
1324 2137 1387 2197 in
1436 2137 1676 2197 ratione
1725 2136 1896 2197 sinus
1945 2142 2151 2215 91706
2189 2138 2317 2218 (qui
2361 2138 2532 2198 sinus
2576 2150 2674 2198 est

216 2237 656 2319 complementi
685 2237 995 2319 graduum
1032 2257 1061 2296 2
1073 2236 1166 2317 3³¹5)
1206 2235 1287 2296 ad
1333 2235 1574 2295 radium
1637 2254 1896 2297 Iooooo.
1990 2235 2136 2313 Qua
2182 2236 2420 2296 ratione
2467 2248 2672 2296 motus

217 2338 335 2400 iste
369 2339 502 2420 jam
547 2337 654 2398 fiet
697 2337 780 2413 9''
815 2335 914 2415 7'''
948 2334 1080 2399 20³⁹.
1177 2334 1342 2395 Haec
1388 2347 1487 2395 est
1532 2355 1740 2394 annua
1783 2334 2115 2414 praecessio
2161 2334 2672 2414 aequinoctiorum

217 2458 257 2498 a
283 2437 347 2498 vi
378 2435 526 2498 solis
556 2435 832 2498 oriunda.
1923 2495 1929 2499 ,
2249 2417 2264 2421 ‘

328 2536 446 2596 Vis
489 2547 699 2595 autem
743 2533 907 2594 lunae
938 2533 1019 2593 ad
1056 2553 1228 2593 mare
1265 2531 1648 2593 movendum
1694 2544 1827 2592 erat
1869 2531 1951 2591 ad
1995 2530 2124 2591 vim
2168 2528 2314 2591 solis
2345 2542 2414 2590 ut
2443 2532 2666 2607 4,4815

214 2633 297 2695 ad
337 2654 358 2694 1
398 2633 650 2694 circiter.
748 2632 837 2692 Et
864 2631 962 2692 vis
992 2629 1158 2692 lunae
1188 2631 1271 2691 ad
1308 2631 1687 2711 aequinoctia
1730 2629 2045 2691 movenda
2089 2641 2185 2689 est
2227 2628 2308 2688 ad
2352 2628 2482 2688 vim
2526 2626 2675 2689 solis

218 2733 280 2794 in
326 2732 549 2794 eadem
594 2730 1011 2813 proportione.
1111 2729 1396 2809 Indeque
1442 2729 1652 2809 prodit
1694 2749 1902 2788 annua
1951 2726 2463 2807 aequinoctiorum
2514 2748 2673 2806 prae-

217 2830 416 2892 cessio
473 2851 513 2890 a
566 2829 633 2891 vi
682 2827 848 2890 lunae
898 2829 1162 2890 oriunda
1213 2827 1337 2905 4o''
1392 2826 1532 2906 52'''
1584 2825 1713 2905 52³2
1767 2847 1839 2886 ac
1890 2837 2023 2886 tota
2078 2824 2411 2904 praecessio
2470 2845 2677 2884 annua

217 2951 257 2990 a
285 2930 349 2990 vi
379 2942 642 3009 utraque
671 2927 935 2989 oriunda
968 2925 1089 3004 5o''
1118 2925 1265 2988 00'''
1305 2923 1430 2986 12³V.
1544 2925 1632 2985 Et
1675 2924 1774 2984 hic
1813 2935 2019 2983 motus
2065 2944 2205 2982 cum
2250 2922 2677 3002 phaenomenis

218 3027 517 3110 congruit.
613 3026 783 3086 Nam
813 3025 1145 3106 praecessio
1175 3024 1689 3105 aequinoctiorum
1722 3045 1802 3083 ex
1841 3022 2382 3083 observationibus
2413 3021 2674 3082 astroni-

216 3127 396 3187 micis
427 3124 872 3187 estannuatim
903 3124 1283 3184 minutorum
1313 3122 1730 3184 secundorum
1761 3118 1899 3201 plus
1931 3120 2135 3179 minus
2166 3120 2637 3200 quinquaginta.

333 3225 403 3286 Si
448 3221 710 3284 altitudo
739 3235 922 3283 terrae
951 3223 1032 3283 ad
1062 3235 1448 3303 aequatorem
1494 3233 1747 3301 superet
1789 3218 2178 3280 altitudinem
2225 3218 2358 3298 ejus
2389 3218 2469 3276 ad
2503 3215 2680 3296 polos

221 3322 588 3384 milliaribus
636 3320 915 3401 pluribus
963 3341 1153 3400 quam
1215 3323 1338 3398 Ῑ7ὲ,
1371 3320 1632 3381 materia
1683 3320 1816 3400 ejus
1868 3316 2061 3377 rarior
2118 3316 2234 3376 erit
2284 3315 2364 3375 ad
2423 3315 2677 3374 circum-

218 3422 544 3484 ferentiam
591 3440 780 3500 quam
826 3418 908 3478 ad
955 3430 1281 3480 centrum:
1349 3417 1411 3478 &
1460 3417 1793 3498 praecessio
1845 3415 2359 3496 aequinoctiorum
2407 3413 2488 3473 ob
2543 3410 2678 3472 alti-

219 3521 506 3581 tudinem
540 3516 708 3579 illam
738 3516 969 3598 augeri,
1002 3517 1085 3577 ob
1116 3516 1432 3599 raritatem
1462 3514 1724 3575 diminui
1753 3514 1958 3575 debet.

336 3616 798 3697 Descripsimus
847 3615 981 3696 jam
1048 3627 1326 3695 systema
1382 3612 1546 3686 soliS,
1606 3625 1805 3685 terrae,
1866 3609 2045 3683 lunae,
2108 3610 2169 3670 &
2239 3607 2678 3688 planetarum:

227 3728 513 3797 superest
531 3727 614 3777 -ut
642 3714 724 3775 de
754 3712 1013 3775 cometis
1044 3709 1341 3774 nonnulla
1370 3710 1749 3793 adjiciantur.
