2852 4250
181 143 298 218 164
993 138 1111 188 DE
1143 137 1383 189 MOTU
1407 135 1714 188 CORPOR
1727 135 1851 187 UM

405 427 1043 493 PROPOSITIO
1122 427 1286 491 LX.
1411 423 2034 487 THEOREMA
2116 423 2436 491 XXIII.

168 616 254 679 Si
297 624 556 699 corpora
605 614 726 676 duo
779 613 825 675 S
885 613 967 678 ὣ*
1031 611 1098 687 Ρ,
1157 609 1396 671 viribus
1450 607 1763 690 quadrato
1820 606 2142 670 distantiae
2194 632 2325 671 suae
2379 610 2679 693 reciproce

234 712 835 814 proportionalibus,
888 748 950 788 se
997 732 1214 786 mutuo
1267 721 1599 794 trahentia,
1654 722 2072 791 revolvuntur
2125 725 2291 787 circa
2324 727 2676 808 gravitatis

249 855 531 909 centrum
580 864 897 906 commune
918 868 937 904 .·
981 840 1111 902 dico
1152 837 1324 920 quod
1358 837 1642 917 ellipseos,
1674 858 1867 917 quam
1909 845 2132 918 corpus
2173 839 2563 902 alterutrum
2619 841 2668 901 P

247 963 355 1023 hoc
405 967 574 1022 motu
617 959 783 1020 circa
825 958 1103 1017 alterum
1134 952 1180 1014 S
1228 951 1528 1023 describit,
1574 949 1716 1012 axis
1742 951 2131 1033 principalis
2173 954 2300 1016 erit
2366 953 2461 1015 ad
2494 976 2672 1018 axem

229 1076 659 1158 principalem
689 1073 969 1153 ellipseos,
1001 1089 1193 1151 quam
1222 1074 1444 1147 corpus
1472 1064 1634 1126 idem
1670 1065 1717 1125 P
1764 1065 1928 1128 circa
1972 1068 2246 1129 alterum
2288 1068 2591 1150 quiescens
2620 1069 2667 1132 S

246 1192 442 1254 eodem
508 1196 775 1270 tempore
815 1185 1131 1268 periodico
1204 1181 1536 1243 describere
1589 1188 1813 1261 posset,
1876 1190 1953 1243 ut
2020 1204 2269 1245 summa
2340 1193 2671 1268 corporum

243 1307 515 1369 duorum
547 1305 592 1367 S
613 1318 666 1372 4-
691 1304 738 1364 Ρ
770 1302 861 1363 ad
867 1301 1165 1383 primum
1195 1299 1468 1360 duorum
1500 1296 1691 1358 medie
1701 1297 2290 1378 proportionalium
2314 1300 2487 1363 inter
2508 1301 2672 1364 hanc

244 1443 555 1484 summam
590 1421 672 1486 ὅς’
700 1425 922 1499 corpus
951 1416 1125 1478 illud
1147 1416 1420 1477 alterum
1452 1412 1517 1475 S.

277 1606 451 1668 Nam
505 1605 556 1667 si
611 1603 948 1684 descriptae
1002 1598 1256 1681 ellipses
1306 1609 1523 1659 essent
1570 1597 1690 1659 sibi
1741 1597 2014 1661 invicem
2051 1597 2347 1681 aequaleS,
2383 1612 2673 1684 tempora

158 1708 482 1791 periodica
559 1705 699 1790 <per
758 1705 1087 1766 theorema
1151 1698 1466 1783 superius)
1531 1699 1741 1762 forent
1801 1699 1864 1760 in
1925 1698 2369 1781 subduplicata
2427 1703 2672 1766 ratione

156 1809 436 1890 corporis
485 1807 542 1868 S
581 1806 662 1868 ad
709 1826 1024 1867 summam
1071 1822 1407 1883 corporum
1456 1801 1514 1862 S
1525 1815 1578 1869 -ι-
1595 1802 1676 1863 Ρ.
1803 1799 2136 1861 Minuatur
2180 1800 2243 1861 in
2275 1800 2393 1863 hac
2425 1803 2670 1866 ratione

156 1922 408 1990 tempus
441 1908 830 1989 periodicum
864 1906 926 1966 in
959 1902 1161 1984 ellipsi
1209 1901 1575 1983 posteriore,
1611 1901 1673 1963 &
1718 1914 2008 1982 tempora
2038 1900 2361 1982 periodica
2391 1903 2671 1965 evadent

155 2009 459 2091 aequalia3
508 2007 803 2089 ellipseos
835 2019 1046 2067 autem
1081 2004 1218 2064 axis
1269 2001 1631 2083 principalis
1685 2001 1823 2083 (per
1867 2024 2042 2083 prop.
2078 2000 2189 2084 xv)
2241 2000 2560 2065 minuetur
2604 2004 2669 2066 in

154 2111 412 2182 ratione,
454 2110 629 2192 cujus
661 2107 798 2169 haec
830 2120 927 2168 est
959 2101 1422 2186 sesquiplicata,
1458 2102 1520 2164 id
1555 2115 1652 2164 est
1684 2102 1747 2164 in
1780 2105 2039 2178 ratione,
2075 2105 2253 2187 eujus
2291 2105 2452 2174 ratio
2484 2106 2542 2167 S
2581 2106 2666 2168 ad

152 2212 209 2271 S
222 2212 356 2278 ÷P
421 2223 518 2271 est
578 2207 921 2290 triplicata;
986 2206 1259 2286 ideoque
1321 2205 1439 2266 erit
1499 2204 1581 2265 ad
1642 2227 1830 2266 axem
1893 2204 2307 2287 principalem
2366 2204 2664 2288 ellipseos

152 2311 422 2383 alterius,
457 2324 526 2371 ut
557 2310 829 2391 primum
862 2308 1132 2370 duorum
1174 2306 1385 2367 medie
1432 2305 1999 2387 proportionalium
2048 2307 2212 2368 inter
2255 2307 2314 2368 S
2324 2309 2461 2376 ÷P
2506 2308 2568 2370 ἃ
2614 2309 2674 2371 S

152 2412 232 2472 ad
268 2412 324 2472 S
335 2426 387 2479 -ι-
406 2413 482 2473 P.
608 2410 697 2471 Et
744 2410 1009 2480 inverse,
1045 2408 1181 2468 axis
1229 2404 1592 2487 principalis
1640 2404 1936 2487 ellipseos
1973 2407 2137 2469 circa
2168 2429 2399 2489 corpus
2430 2408 2666 2472 mobile

152 2512 486 2592 descripta:
540 2511 658 2572 erit
710 2510 792 2571 ad
847 2531 1032 2570 axem
1096 2506 1510 2589 principalem
1573 2507 1909 2588 descriptae
1970 2508 2134 2569 circa
2194 2507 2532 2583 immobile,
2595 2523 2667 2572 ut

153 2613 210 2672 S
222 2614 356 2680 ÷P
401 2612 482 2673 ad
515 2612 788 2693 primum
834 2610 1106 2671 duorum
1154 2609 1363 2671 medie
1410 2606 1977 2690 proportionalium
2026 2609 2190 2671 inter
2234 2609 2292 2671 S
2302 2611 2439 2678 ÷P
2484 2610 2546 2672 &
2593 2611 2661 2674 S.

155 2712 228 2789 Q.
255 2713 333 2776 E.
356 2714 442 2775 D.

380 3031 1018 3095 PROPOSITIO
1099 3032 1307 3095 LXI.
1433 3032 2051 3096 THEOREMA
2131 3034 2431 3098 XXIV.

155 3216 240 3277 Si
291 3223 551 3296 corpora
604 3215 724 3276 duo
784 3215 1029 3278 viribus
1085 3217 1403 3298 quibusvis
1460 3240 1521 3278 se
1578 3226 1796 3279 mutuo
1856 3218 2192 3295 trahentia,
2255 3242 2444 3302 neque
2497 3221 2663 3284 alias

238 3333 484 3414 agitata
553 3333 654 3393 vel
717 3331 1028 3425 impedita,
1090 3333 1623 3421 quomodocunque
1693 3340 2065 3396 moveantur
2078 3358 2104 3405 ,·
2176 3341 2379 3396 motus
2449 3357 2662 3398 eorum

220 3447 490 3529 perinde
514 3470 575 3508 se
614 3448 932 3519 habebunt,
980 3468 1051 3506 ac
1099 3446 1160 3507 si
1200 3470 1324 3508 non
1372 3449 1696 3509 traherent
1735 3471 1797 3510 se
1836 3456 2071 3521 mutuO,
2103 3448 2212 3510 sed
2248 3456 2588 3532 utrumque
2617 3473 2661 3512 a

235 3571 485 3644 corpore
514 3562 695 3623 tertio
740 3562 809 3622 in
854 3562 1170 3622 communi
1197 3563 1548 3643 gravitatis
1577 3571 1781 3624 centro
1810 3564 2140 3625 constituto
2175 3564 2417 3627 viribus
2445 3565 2660 3628 iisdem

236 3678 610 3741 traheretur.
716 3678 815 3739 Et
843 3676 1082 3737 virium
1114 3675 1501 3736 trahentium
1532 3676 1737 3736 eadem
1766 3676 1892 3737 erit
1919 3678 2020 3739 lex
2046 3685 2312 3758 respectu
2341 3679 2664 3743 distantia·

234 3800 564 3872 corporum
595 3814 634 3852 a
665 3799 871 3852 centro
901 3790 1012 3851 illo
1041 3789 1359 3851 communi
1397 3797 1585 3872 atque
1627 3798 1892 3871 respectu
1922 3791 2243 3855 distantia·
2270 3795 2461 3858 totius
2489 3779 2662 3858 inter

233 3916 506 3990 corpora.
