2774 4224
409 647 1300 740 AUCTORJS
1429 646 2398 736 PRAEFATIO

853 879 1051 947 AD
1167 835 1967 945 LECTOREM.

48 1148 58 1198 ἡ
200 1121 456 1232 CUM
509 1131 724 1183 veteres
767 1123 1189 1184 mechanicam
1239 1123 1363 1206 (uti
1400 1133 1617 1184 auctor
1647 1131 1734 1184 est
1766 1123 2040 1203 Pappus)
2075 1124 2142 1182 in
2176 1143 2386 1182 rerum
2416 1130 2634 1181 natur-

43 1214 98 1248 ’·
369 1221 569 1281 alium
626 1221 1083 1302 investigatione
1150 1222 1415 1282 maxi-mi
1462 1221 1736 1300 fecerint
1751 1248 1775 1293 ‚·
1851 1224 1932 1287 <⁰9³
2004 1221 2367 1295 recentiores,
2442 1221 2639 1281 missis

173 1317 415 1398 formis
439 1318 946 1380 substantialibus
986 1321 1066 1384 ὣ*
1100 1318 1507 1400 qualitatibus
1541 1320 1800 1392 occultis,
1826 1320 2227 1399 plcaenomena
2271 1326 2519 1378 natura·
2557 1318 2646 1377 aa'

187 1418 338 1498 leges
378 1416 830 1478 mathematicas
873 1439 1149 1478 revocare
1187 1418 1465 1498 aggressi
1501 1419 1631 1479 sint
1647 1445 1666 1480 :
1727 1419 1944 1480 Visum
1986 1427 2072 1479 est
2113 1419 2181 1478 in
2219 1418 2325 1477 hoc
2366 1424 2638 1476 tractatu

191 1513 498 1575 mathesin
527 1515 791 1586 excolere,
823 1524 1121 1595 quatenus
1154 1538 1220 1576 ea
1255 1517 1344 1577 ad
1371 1515 1828 1597 philosophiam
1871 1524 2135 1597 spectat·
2204 1515 2636 1576 Meehanicam

188 1633 326 1673 vero
380 1611 676 1692 duplicem
738 1621 954 1674 veteres
1023 1615 1471 1675 constituerunt
1488 1642 1506 1676 .·
1580 1614 1959 1687 rationalem,
2019 1636 2155 1695 quae
2207 1623 2334 1694 per
2399 1613 2636 1673 demon-

188 1711 513 1772 strationes
560 1719 839 1772 accurate
872 1713 1163 1792 procedit,
1222 1716 1303 1779 <⁰9³
1353 1715 1702 1793 practicam.
1822 1715 1947 1774 Ad
1981 1713 2329 1794 practicam
2375 1718 2644 1791 spectant

190 1817 354 1870 artes
379 1831 577 1870 omnes
608 1811 937 1882 manuales,
969 1833 1010 1871 a
1054 1812 1272 1891 quibus
1317 1812 1525 1892 utique
1568 1813 1926 1874 mechanica
1970 1833 2183 1872 nomen
2229 1817 2515 1870 mutuata
2544 1816 2639 1869 est.

197 1909 354 1969 Cum
381 1916 586 1968 autem
613 1908 881 1989 artifices
907 1917 1151 1988 parum
1193 1918 1474 1970 accurate
1513 1913 1763 1990 operari
1790 1912 2033 1981 soleant,
2048 1910 2143 1990 fit
2178 1917 2252 1969 ut
2287 1907 2645 1968 mechanica

190 2006 387 2068 omnis
434 2027 476 2066 a
523 2007 868 2088 geometria
919 2008 1011 2067 ita
1055 2008 1500 2089 distinguatur,
1555 2018 1630 2069 ut
1675 2009 1970 2090 quicquid
2019 2014 2376 2068 accuratum
2427 2005 2512 2066 sit
2565 2003 2654 2063 ad

191 2105 600 2188 geometriam
659 2104 988 2184 referatur,
1041 2107 1335 2187 quicquid
1385 2108 1594 2168 minus
1649 2116 2006 2168 accuratum
2062 2106 2152 2166 aa'
2201 2103 2638 2165 mechanicam.

190 2204 496 2265 Attamen
539 2225 773 2264 errores
815 2225 936 2264 non
980 2211 1128 2263 sunt
1168 2206 1346 2279 artis,
1378 2206 1485 2265 sed
1518 2205 1852 2286 artificum.
1947 2204 2082 2279 Qui
2119 2204 2326 2264 minus
2367 2208 2646 2262 accurate

189 2311 496 2384 operatur,
529 2301 941 2382 imperfectior
979 2310 1066 2362 est
1107 2303 1492 2375 medianum,
1530 2306 1611 2369 <⁰9³
1637 2305 1697 2364 si
1732 2304 1871 2384 quis
1912 2302 2363 2363 accuratissime
2399 2299 2649 2379 operari

175 2409 388 2485 posset,
419 2401 517 2461 lzz'c
527 2400 706 2478 foret
734 2400 1108 2460 mechanicus
1135 2402 1410 2461 omnium
1423 2401 1920 2481 perfectissimus.
2013 2400 2195 2459 Nam
2230 2400 2311 2463 ὦ)
2333 2398 2642 2458 linearum

192 2508 499 2562 rectarum
546 2501 628 2564 <⁰9³
669 2499 1041 2559 circulorum
1082 2498 1516 2579 descriptiones,
1550 2501 1618 2560 in
1661 2500 1880 2580 quibus
1922 2498 2267 2580 geometria
2294 2496 2644 2575 fundatur,

189 2598 279 2660 ad
300 2597 720 2660 mechanicam
751 2597 1082 2676 pertinent.
1172 2598 1321 2658 Has
1350 2599 1543 2659 lineas
1584 2588 1907 2659 describere
1943 2596 2287 2679 geometria
2315 2617 2437 2655 non
2467 2594 2641 2664 docet,

189 2696 295 2758 sed
299 2697 594 2776 postulat.
684 2696 977 2755 Postulat
1016 2696 1177 2755 enim
1222 2704 1295 2755 ut
1337 2705 1472 2777 tyro
1514 2697 1741 2757 easdem
1784 2704 2064 2757 accurate
2103 2694 2425 2755 describere
2450 2693 2645 2772 prius

190 2796 486 2867 didiceret,
545 2816 731 2876 quam
790 2795 974 2855 limen
1033 2795 1310 2875 attingat
1355 2797 1759 2878 geometriae;
1811 2795 1967 2866 dein,
2027 2791 2315 2874 quomodo
2357 2798 2483 2870 per
2535 2790 2646 2848 lzas

64 2967 68 2970 ⁴
192 2894 559 2974 operationes
589 2893 976 2973 problemata
1020 2893 1363 2968 solvantur,
1410 2895 1572 2954 docet
1587 2921 1609 2966 ,·
1669 2902 1858 2954 rectas
1905 2893 1985 2957 65·
2028 2891 2283 2952 circulos
2325 2888 2648 2948 describere

95 3066 98 3071 ,
179 2992 560 3071 problemata
588 2999 750 3062 sunt,
783 2990 888 3051 sed
908 3013 1029 3051 non
1049 2993 1425 3071 geometrica.
1518 2994 1630 3053 Ex
1655 2991 2014 3053 mechanica
2028 2990 2398 3069 postulatur
2423 2986 2644 3046 horum

75 3151 82 3156 .
191 3091 424 3163 solutio,
457 3091 525 3151 in
554 3090 898 3172 geometria
925 3089 1172 3151 docetur
1195 3093 1538 3152 solutorum
1566 3114 1727 3153 usus.
1818 3092 1923 3151 Ac
1946 3089 2279 3171 gloriatur
2302 3084 2645 3167 geometria

84 3181 115 3217 ³²
192 3189 357 3269 quod
377 3197 506 3250 tam
533 3189 758 3269 paucis
786 3189 1124 3268 principiis
1164 3191 1419 3251 aliunde
1444 3191 1662 3270 petitis
1705 3199 1832 3250 tam
1877 3189 2079 3249 multa
2107 3192 2376 3265 praestet.
2468 3183 2537 3241 F
2530 3203 2642 3241 un-

94 3291 100 3298 '
195 3288 391 3350 datur
429 3288 635 3370 igitur
673 3289 1019 3370 geometria
1062 3289 1130 3348 in
1159 3290 1367 3368 praxi
1404 3289 1760 3359 mechanica,
1798 3290 1879 3353 ὥ*
1923 3285 2093 3347 nilzil
2129 3282 2314 3344 aliud
2341 3289 2428 3341 est
2460 3299 2645 3359 quam

196 3386 569 3448 mechanicae
612 3385 978 3447 universalis
1007 3395 1171 3465 pars
1213 3387 1344 3459 illa,
1377 3409 1514 3468 quae
1548 3395 1744 3448 artem
1776 3381 2181 3446 mensurandi
2203 3384 2645 3455 accuratepro-

186 3486 368 3565 ponit
392 3507 463 3546 ac
488 3485 876 3546 demonstrat.
973 3485 1131 3545 Cum
1159 3494 1363 3546 autem
1391 3495 1557 3547 artes
1584 3485 1902 3547 manuales
1930 3483 1999 3542 in
2028 3478 2378 3559 corporibus
2412 3495 2642 3535 moven-

82 3587 101 3655 ‘g
196 3582 293 3644 dis
317 3583 630 3663 praecipue
669 3590 1002 3654 versentur,
1016 3582 1114 3663 fit
1140 3591 1215 3643 ut
1239 3585 1585 3665 geometria
1627 3583 1716 3644 ad
1752 3578 2258 3662 magnitudinem,
2293 3571 2647 3634 mechanica

196 3679 286 3741 ad
333 3688 563 3741 motum
619 3680 798 3760 vulgo
855 3678 1186 3758 referatur.
1313 3682 1449 3756 Quo
1505 3704 1680 3743 sensu
1739 3677 2098 3740 mechanica
2155 3669 2470 3734 rationalis
2528 3668 2649 3728 erit

91 3779 122 3861 fs
165 3772 442 3839 {scientia
491 3785 784 3850 motuum,
836 3778 952 3857 qui
995 3801 1069 3839 ex
1117 3780 1354 3841 viribus
1402 3781 1852 3860 quibuscunque
1900 3776 2217 3844 resultant,
2276 3773 2356 3835 ὣ*
2413 3767 2645 3828 virium
