2852 4250
125 112 138 125 4
162 67 202 108 A),

1063 101 1301 150 LIBER
1341 101 1674 152 TERTIUS.
1876 131 1896 153 .
2446 129 2566 187 403

50 284 97 364 <33⁷
149 269 456 354 Ejusdem
502 263 826 327 densitatis
865 283 1003 324 esse
1049 262 1204 335 dico,
1237 282 1497 342 quarum
1541 262 1703 322 vires
1753 262 1985 324 inertiae
2036 277 2180 325 sunt
2224 279 2292 327 ut
2338 271 2571 351 magni-

149 367 412 438 tudines
2014 360 2019 364 ’

48 459 65 465 ”
266 464 462 527 Corol.
515 479 567 539 5.
601 451 732 519 'Vis
766 459 1094 540 gravitatis
1123 457 1353 517 diversi
1384 469 1480 517 est
1519 457 1765 537 generis
1795 479 1833 517 a
1861 457 1924 517 vi
1954 461 2312 539 magnetica.
2406 462 2571 522 Nam

26 561 58 622 ’ς’
148 561 429 626 attractio
458 557 809 638 magnetica
838 576 962 615 non
986 567 1082 614 est
1103 565 1173 614 ut
1201 554 1456 612 materia
1485 566 1757 614 attracta.
1851 554 2126 633 Corpora
2148 555 2351 634 aliqua
2379 560 2574 638 magis

149 659 486 728 trahuntur,
518 653 638 715 alia
684 654 902 723 minus,
936 650 1199 731 plurima
1246 671 1370 710 non
1417 650 1753 712 trahuntur.
1847 651 1934 710 Et
1979 652 2074 711 vis
2122 655 2467 733 magnetica
2511 656 2570 714 in

150 778 274 818 uno
305 755 365 815 &
394 752 616 814 eodem
647 771 902 828 corpore
950 747 1185 806 intendi
1231 759 1439 825 potest
1486 746 1546 805 &
1593 747 1835 820 remitti,
1869 760 2086 826 estque
2134 770 2574 829 nonnunquam

148 853 335 932 longe
363 850 559 929 major
587 868 700 926 pro
730 844 1075 924 quantitate
1106 843 1378 903 materiae
1410 864 1596 921 quam
1640 844 1734 902 vis
1777 845 2115 924 gravitatis,
2151 845 2210 904 ἃ
2241 846 2300 904 in
2332 868 2573 906 recessu

19 932 56 1004 ζ’·
99 941 106 946 ’
145 972 186 1012 a
234 959 523 1029 magnete
572 943 873 1004 decrescit
924 942 985 1001 in
1038 941 1275 1001 ratione
1333 940 1641 999 distantiae
1696 962 1819 1000 non
1892 940 2214 1020 duplicata,
2263 944 2375 1002 sed
2446 945 2573 1004 fere

149 1044 466 1126 triplicata,
479 1052 779 1122 quantum
802 1060 882 1100 ex
899 1037 1118 1098 crassis
1139 1036 2064 1117 quibusdam·observationibus
2084 1039 2572 1101 animadvertere

151 1142 340 1225 potui.

458 1351 1083 1416 PROPOSITIO
1145 1351 1319 1411 VII.
1457 1349 2045 1410 THEOREMA
2108 1351 2281 1412 VII.

177 1520 559 1585 Gravitatem
617 1520 686 1580 in
742 1524 996 1597 corpora
1054 1515 1342 1575 universa
1381 1513 1552 1593 fieri,
1598 1534 1841 1593 eamque
1879 1514 2398 1592 proportionalem
2453 1536 2564 1575 esse

822 1631 1169 1714 quantitati
1206 1630 1478 1690 materioe
1517 1629 1585 1689 in
1627 1630 1902 1709 singulis.

269 1816 556 1878 Planetas
586 1834 803 1876 omnes
836 1812 896 1872 in
945 1833 1014 1872 se
1061 1821 1276 1869 mutuo
1305 1829 1529 1889 graves
1561 1828 1698 1867 esse
1718 1807 1850 1886 jam
1881 1819 2024 1867 ante
2071 1809 2481 1887 probavimuS,
2514 1821 2582 1868 ut

60 1952 62 1956 v
156 1917 217 1979 &
256 1915 627 1998 gravitatem
659 1912 719 1971 in
751 1928 1259 1988 unumquemque
1306 1906 1563 1966 seorsim
1611 1917 1953 1983 spectatum
1986 1927 2122 1965 esse
2166 1906 2472 1984 reciproce
2515 1918 2583 1965 ut

71 2006 74 2007 ⁷
155 2014 522 2096 quadratum
553 2008 863 2070 distantiae
894 2005 1168 2067 locorum
1213 2027 1251 2063 a
1294 2016 1504 2063 centro
1535 2001 1817 2082 planetae.
1911 2003 1997 2061 Et
2027 2003 2168 2062 inde
2199 2023 2579 2081 consequens

46 2097 83 2138 ‘³
155 2125 251 2175 est
302 2111 436 2192 (per
483 2130 655 2189 prop.
720 2125 874 2166 LXIX
914 2104 1015 2164 lib.
1090 2124 1110 2162 1
1174 2102 1233 2162 δε
1280 2102 1411 2181 ejus
1460 2098 1797 2180 corollaria)
1843 2100 2212 2180 gravitatem
2259 2099 2320 2159 in
2365 2120 2580 2160 omnes

155 2206 676 2293 proportionalem
707 2227 845 2266 esse
876 2202 1149 2263 materiae
1183 2202 1243 2260 in
1276 2199 1508 2259 iisdem.

271 2308 461 2368 Porro
491 2327 631 2366 cum
659 2302 924 2383 planetae
949 2299 1218 2381 cujusvis
1258 2299 1325 2357 A
1363 2310 1568 2375 partes
1612 2315 1826 2355 omnes
1870 2316 2092 2374 graves
2123 2294 2244 2353 sint
2287 2294 2347 2352 in
2377 2292 2581 2371 plane-

157 2419 285 2468 tam
331 2404 616 2485 quemvis
648 2403 726 2472 B,
762 2401 822 2461 &
850 2400 1125 2481 gravitas
1157 2396 1347 2475 partis
1393 2395 1689 2474 cujusque
1733 2392 1812 2451 sit
1855 2391 1934 2450 ad
1977 2392 2345 2471 gravitatem
2376 2392 2580 2463 totius,

156 2517 227 2566 ut
275 2503 531 2564 materia
578 2500 769 2580 partis
816 2498 897 2558 ad
949 2496 1269 2556 materiam
1322 2493 1524 2562 totiuS,
1581 2491 1640 2550 δι
1688 2478 1929 2549 actioni*
1958 2489 2124 2548 omni
2177 2488 2400 2548 reactio
2452 2486 2586 2567 (per

161 2614 364 2664 motus
394 2601 597 2682 legem
629 2595 897 2676 tertiam)
933 2592 1188 2674 aequalis
1219 2592 1330 2662 sit;
1376 2589 1624 2669 planeta
1652 2589 1716 2646 B
1747 2588 1805 2645 in
1843 2599 2046 2664 partes
2078 2606 2290 2644 omnes
2321 2582 2584 2663 planetae

159 2701 229 2763 A
277 2700 548 2761 vicissim
578 2695 931 2778 gravitabit,
967 2693 1027 2752 &
1071 2692 1187 2751 erit
1228 2690 1502 2770 gravitas
1547 2708 1659 2746 sua
1703 2685 1762 2743 in
1808 2695 2045 2762 partem
2090 2703 2585 2760 unamquamque

161 2799 242 2860 ad
270 2799 642 2880 gravitatem
671 2814 848 2855 suam
893 2792 955 2852 in
1000 2803 1215 2860 totum,
1248 2799 1317 2847 ut
1361 2785 1616 2845 materia
1659 2783 1848 2862 partis
1894 2781 1973 2841 ad
2019 2781 2334 2841 materiam
2379 2781 2581 2840 totius,

165 2898 240 2975 Q.
261 2899 343 2959 E.
365 2898 451 2958 D.

72 3078 74 3081 ἡ
135 3062 139 3066 ,
250 2996 446 3057 Corol.
491 3015 537 3055 1.
590 2992 806 3053 Oritur
855 2990 1041 3071 igitur
1088 2987 1148 3047 81
1194 2984 1582 3064 componitur
1610 2981 1881 3063 gravitas
1929 2980 1990 3040 in
2037 2978 2346 3058 planetam
2392 2990 2586 3038 totum

164 3114 244 3155 ex
297 3093 604 3175 gravitate
663 3091 724 3150 in
782 3100 991 3167 partes
1050 3083 1337 3165 singulas,
1447 3080 1639 3161 Cujus
1699 3079 1785 3138 rei
1829 3075 2114 3155 exempla
2171 3075 2467 3134 habemus
2527 3076 2586 3133 in

165 3190 628 3252 attractionibus
672 3184 1036 3267 magneticis
1085 3183 1145 3242 &
1192 3179 1503 3242 electriciS.
1598 3176 1811 3236 Oritur
1856 3175 2017 3234 enim
2066 3172 2345 3232 attractio
2392 3171 2588 3230 omnis

0 3273 3 3275 ‚
79 3355 84 3358 .
166 3287 227 3348 in
278 3300 475 3349 totum
523 3308 602 3347 ex
652 3282 1116 3344 attractionibus
1169 3281 1230 3339 in
1283 3290 1489 3357 partes
1537 3271 1826 3355 singulas,
1938 3272 2066 3330 Res
2118 3268 2485 3349 intelligetur
2528 3268 2586 3325 in

136 3386 485 3466 ¹gravitate,
525 3380 951 3460 concipiendo
1009 3378 1289 3458 planetas
1354 3374 1560 3454 plures
1620 3372 1886 3430 minores
1954 3370 2013 3427 in
2086 3388 2274 3426 unum
2337 3365 2588 3446 globum

0 3491 9 3494 “
66 3510 71 3515 ·
167 3482 328 3543 coire
359 3482 419 3542 &
453 3480 767 3561 planetam
815 3478 1112 3556 majorem
1161 3493 1545 3552 componere.
1649 3469 1815 3528 Nam
1862 3467 1957 3525 vis
2006 3465 2190 3524 totius
2234 3484 2311 3521 ex
2359 3462 2587 3519 viribus

167 3580 432 3658 partium
478 3576 981 3657 componentium
1030 3574 1171 3634 oriri
1219 3571 1483 3631 debebit.
1575 3566 1786 3645 Siquis
1833 3562 2078 3642 objiciat
2124 3558 2289 3637 quod
2337 3578 2589 3634 corpora

64 3759 69 3761 ‚
169 3677 390 3749 omnia,
422 3698 562 3756 quae
593 3674 760 3754 apud
791 3693 904 3732 nos
935 3682 1093 3741 sunt,
1126 3669 1241 3729 hac
1284 3667 1423 3747 lege
1465 3664 1774 3745 gravitare
1818 3659 2115 3719 deberent
2157 3656 2217 3714 in
2262 3674 2328 3713 se
2358 3664 2584 3722 mutuo,

172 3794 311 3836 cum
340 3786 548 3835 tamen
579 3770 883 3854 ejusmodi
927 3767 1203 3850 gravitas
1252 3763 1608 3842 neutiquam
1653 3756 1988 3818 sentiatur:
2035 3750 2376 3831 respondeo
2421 3748 2586 3827 quod
