2852 4250
993 69 1231 120 LIBER
1264 70 1680 121 SECUNDUS.
2436 81 2511 152 36
2519 96 2552 154 3

37 223 49 261 7
131 233 483 300 recedendo
510 254 549 294 a
575 231 854 312 partibus
882 231 997 291 ubi.
1018 231 1331 311 premitur,
1362 241 1584 312 pergat
1625 250 1872 309 semper
1906 231 1968 291 in
1998 233 2212 293 orbem
2241 235 2321 295 ad
2351 251 2556 315 partes

136 353 278 414 quae
305 331 509 392 eidem
538 328 780 390 cedunt.
870 327 944 402 Q.
957 328 1039 388 E.
1053 329 1136 390 D.

21 415 27 430 ⁵
85 437 92 443 '
151 429 155 434 ’
251 427 448 488 Corol.
519 423 996 485 Hallucinantur
1058 423 1245 504 igitur
1314 422 1421 502 qui
1492 422 1752 483 credunt
1822 423 2225 504 agitationem
2295 428 2559 505 partium

26 517 45 574 ὲ
129 524 402 584 flammae
472 522 553 582 ad
623 521 1021 601 pressionem,
1081 540 1194 599 per
1264 519 1539 579 medium
1610 519 1904 591 ambienS,
1963 523 2304 582 secundum
2369 523 2561 584 lineas

135 633 333 682 rectas
388 618 862 700 propagandum
912 616 1274 677 conducere.
1370 616 1646 676 Debebit
1688 617 1991 696 ejusmodi
2036 621 2273 697 pressio
2317 642 2441 682 non
2484 623 2563 681 ab

136 718 471 800 agitatione
499 715 631 778 sola
659 716 926 795 partium
956 714 1238 785 flammae,
1271 713 1383 774 sed
1414 734 1452 773 a
1481 714 1667 774 totius
1697 712 2053 776 dilatatione
2084 717 2362 780 derivari.

0 994 26 1078 i
300 1015 926 1080 PROPOSITIO
1004 1015 1283 1076 XLIV.
1406 1016 2000 1079 THEOREMA
2081 1021 2406 1083 XXXV.

140 1184 223 1244 Si
243 1204 406 1264 aqua
434 1182 503 1243 in
532 1180 766 1242 canalis
792 1180 1078 1240 cruribus
1106 1180 1310 1240 erectis
1345 1179 1406 1239 K
1436 1180 1508 1255 L,
1546 1180 1615 1239 M
1648 1181 1706 1240 N
1758 1183 1981 1244 vicibus
2013 1185 2271 1244 alternis
2298 1184 2575 1244 ascendat

227 1297 309 1361 ὅς’
334 1293 641 1356 descendat
658 1318 697 1364 ,·-
745 1298 1146 1352 construatur
1191 1297 1395 1351 autem
1429 1293 1780 1369 pendulum
1828 1293 2003 1371 cujus
2053 1294 2364 1373 longitudo
2415 1295 2579 1353 inter

217 1415 517 1480 punctum
584 1403 987 1484 suspensionis
1047 1403 1128 1466 ἐπ’
1201 1410 1475 1462 centrum
1546 1404 1938 1465 oscillationzs
2008 1411 2281 1483 oequetur
2353 1405 2583 1464 semissi

225 1517 630 1599 longitudinis
657 1536 832 1595 aquae
868 1515 937 1574 in
980 1514 1193 1574 canali
1212 1540 1231 1575 .-
1273 1514 1402 1574 dico
1443 1516 1609 1594 quod
1643 1538 1806 1596 aqua
1851 1516 2118 1578 ascendet
2166 1517 2246 1580 ὅς’
2289 1516 2581 1576 descendet

225 1630 436 1692 iisdem
465 1627 828 1709 temporibus
855 1626 1072 1706 quibus
1084 1625 1432 1704 pendulum
1461 1626 1791 1689 oscillatur.

261 1806 746 1890 Longitudinem
777 1826 958 1884 aquae
1014 1826 1308 1866 mensuro
1355 1806 1695 1866 secundum
1744 1828 1893 1867 axes
1941 1804 2167 1867 canalis
2217 1805 2277 1866 &
2324 1828 2580 1876 crurum,

146 1907 410 1970 eandem
450 1925 711 1965 summae
748 1903 968 1964 horum
1013 1903 1222 1963 axium
1268 1903 1610 1982 aequando;
1659 1903 1718 1963 Sc
1762 1905 2171 1965 resistentiam
2217 1926 2410 1983 aquae,
2444 1925 2583 1983 quae

147 2007 340 2068 oritur
389 2004 468 2064 ab
512 2003 723 2063 attritu
769 1999 1016 2073 canaliS‚
1050 2000 1149 2061 hic
1194 2021 1319 2061 non
1364 2001 1702 2063 considero.
1798 2003 2148 2083 Designent
2193 2002 2376 2082 igitur
2412 2003 2479 2060 A
2503 2002 2581 2071 B,

152 2105 209 2166 C
220 2106 290 2165 D
339 2102 712 2164 mediocrem
765 2099 1154 2162 altitudinem
1207 2119 1387 2178 aquae
1448 2099 1508 2157 in
1561 2120 1735 2160 crure
1782 2113 2079 2179 utroque;
2154 2098 2213 2158 Sc
2263 2098 2367 2158 ubi
2424 2119 2586 2178 aqua

838 2275 893 2321 V

164 3410 226 3471 in
285 3434 459 3475 crure
516 3415 596 3474 K
606 3415 667 3475 L
730 3413 1010 3475 ascendit
1067 3414 1146 3473 ad
1201 3412 1589 3473 altitudinem
1648 3412 1717 3471 Ε
1730 3413 1804 3483 F,
1866 3408 2256 3471 descenderit
2314 3427 2474 3485 aqua
2531 3404 2589 3463 in

50 3501 63 3587 1
159 3529 332 3570 crure
374 3512 567 3571 MN
606 3513 686 3572 ad
734 3510 1124 3571 altitudinem
1178 3510 1345 3571 GH.
1442 3509 1541 3569 Sit
1591 3521 1799 3568 autem
1851 3510 1914 3568 Ρ
1960 3528 2179 3586 corpus
2240 3501 2589 3583 pendulum,

51 3627 60 3634 ‘
170 3606 232 3665 V
247 3608 310 3666 P
339 3606 525 3681 filum,
575 3610 638 3669 V
660 3622 957 3689 punctum
990 3608 1427 3687 suspensioniS‚
1460 3609 1526 3666 R
1544 3608 1607 3666 Ρ
1627 3607 1683 3680 Q
1705 3607 1760 3665 S
1786 3604 2009 3684 cyclois
2041 3623 2225 3681 quam
2258 3595 2590 3678 pendulum

154 3702 480 3778 describat,
514 3709 578 3766 Ρ
606 3708 740 3787 ejus
772 3719 1071 3786 punctum
1105 3705 1399 3775 infimum,
1434 3703 1567 3777 PQ
1596 3724 1770 3762 arcus
1811 3701 2114 3761 altitudini
2146 3699 2295 3757 ΑΕ
2321 3693 2587 3773 aequalis.
