2852 4250
1120 118 1358 169 LIBER
1389 119 1593 169 PRJM
1601 120 1701 170 css.
2517 144 2538 185 1
2555 133 2634 203 59

411 443 1033 508 PROPOSITIO
1096 444 1291 506 LVI.
1387 444 1952 507 PROBLEMA
2024 445 2414 509 XXXVII.

202 626 496 688 Concessz‘s
504 625 880 707 figurarum
920 623 1407 685 curvz‘lz'nearum
1448 624 1874 705 quadraturis,
1906 624 2184 705 datisque
2224 632 2358 685 tum
2402 627 2524 706 lege
2548 626 2641 687 vis

278 738 618 818 centrz'petae
655 737 746 797 aa'
778 743 1053 797 centrum
1095 735 1313 795 datum
1356 736 1666 811 tendentzk,
1705 745 1839 797 tum
1880 736 2196 816 superficie
2234 759 2425 798 curva
2467 738 2643 817 cujus

279 851 420 912 axis
451 858 579 930 per
622 857 899 910 centrum
954 845 1126 908 illud
1174 846 1409 906 transit
1421 872 1446 917 ‚·
1510 848 1875 909 invenienda
1921 857 2006 910 est
2055 849 2408 930 trajectorz'a
2455 871 2643 929 quam

279 968 496 1040 corpus
523 961 591 1021 z'n
619 960 817 1021 eadem
843 957 1157 1039 superficie
1181 957 1476 1031 describet,
1507 959 1581 1020 a'e
1620 961 1741 1020 loco
1781 960 1941 1037 dato,
1973 962 2122 1022 a'ata
2155 983 2294 1022 cum
2324 962 2642 1037 velocitate,

283 1095 489 1134 versus
499 1074 763 1154 plagam
792 1072 861 1133 z'n
888 1070 1204 1151 superficie
1229 1071 1346 1132 illa
1374 1072 1586 1133 datam
1615 1095 1927 1153 egressum.

310 1253 633 1318 Stantibus
685 1273 827 1332 quae
879 1252 941 1312 in
992 1251 1310 1331 superiore
1360 1253 1784 1332 propositione
1843 1266 2196 1314 constructa
2252 1265 2411 1324 sunt,
2466 1265 2651 1313 exeat

197 1371 420 1430 corpus
491 1351 555 1410 T
607 1350 688 1411 de
739 1348 874 1411 loco
932 1350 1081 1410 dato
1140 1349 1197 1409 S
1257 1350 1600 1410 secundum
1661 1364 1893 1412 rectam
1953 1352 2264 1432 positione
2314 1351 2525 1411 datam
2587 1350 2647 1410 in

199 1449 610 1530 trajectoriam
652 1447 1090 1509 inveniendam
1124 1446 1180 1506 S
1205 1446 1268 1506 T
1274 1448 1356 1519 R,
1403 1449 1577 1530 cujus
1622 1450 1957 1531 vestigium
2003 1451 2063 1509 in
2103 1448 2289 1530 plano
2318 1448 2459 1508 BL
2487 1449 2543 1508 Ο
2572 1447 2652 1507 sit

198 1546 267 1606 A
290 1548 366 1609 P.
489 1546 577 1607 Et
619 1567 698 1606 ex
742 1545 889 1606 data
931 1545 1205 1625 corporis
1250 1545 1580 1609 velocitate
1612 1548 1673 1608 in
1705 1547 2032 1609 altitudine
2064 1549 2120 1608 S
2140 1548 2205 1620 C,
2239 1547 2488 1607 dabitur
2517 1547 2650 1628 ejus

200 1643 496 1707 velocitas
527 1644 588 1703 in
619 1641 739 1703 alia
782 1641 1003 1722 quavis
1038 1641 1171 1703 alti-

122 1766 125 1769 *
201 1744 418 1806 tudine
460 1742 600 1803 TC.
698 1741 797 1801 Ea
826 1762 966 1801 cum
1007 1740 1176 1802 velo-

202 1843 389 1905 citate
446 1840 595 1901 dato
654 1853 935 1920 tempore
987 1861 1177 1921 quam

204 1941 460 2003 minimo
479 1939 790 2000 describat
808 1953 1031 2018 corpus
1056 1951 1177 1999 tra-

194 2038 474 2122 jectoriae
504 2058 635 2098 suae
667 2035 1031 2116 particulam
1075 2038 1138 2097 Τ
1137 2044 1177 2108 t,

205 2137 409 2216 sitque
438 2136 556 2215 Pp
586 2135 923 2216 vestigium
954 2136 1087 2216 ejus
1120 2136 1180 2195 in

204 2234 392 2315 plano
469 2234 537 2293 A
571 2234 713 2294 ΟΡ
783 2232 1176 2312 descriptum.

203 2334 517 2414 Jungatur
548 2332 659 2411 Op,
694 2330 754 2391 &
784 2330 1006 2391 circelli
1038 2352 1178 2392 cen-

207 2445 304 2493 tro
387 2431 452 2491 T
514 2426 838 2490 intervallo
921 2429 985 2489 T
1013 2437 1042 2488 t
1122 2430 1183 2489 in

205 2528 530 2609 superficie
616 2548 806 2587 curva
890 2526 1183 2605 descripti

206 2625 540 2707 vestigium
571 2625 633 2685 in
663 2623 851 2704 plano
871 2624 939 2685 A
955 2624 1083 2684 ΟΡ
1103 2624 1185 2683 sit

207 2722 439 2803 ellipsis
462 2723 612 2803 pQ.
709 2722 797 2782 Et
841 2722 923 2782 ob
967 2721 1183 2781 datum

209 2821 636 2904 magnitudine
695 2818 1006 2881 circellum
1070 2820 1133 2879 T
1141 2828 1181 2891 t,

207 2921 545 3000 datamque
588 2921 722 3001 ejus
766 2919 846 2979 ab
890 2940 1008 2979 axe
1055 2918 1184 2979 CO

208 3020 566 3081 distantiam
611 3018 749 3078 TN
772 3015 874 3078 vel
903 3017 1044 3088 ΡΟ,
1076 3016 1183 3076 da-

207 3121 374 3182 bitur
401 3118 632 3199 ellipsis
670 3117 772 3180 illa
798 3126 853 3198 p
876 3119 933 3194 Q
978 3117 1186 3198 specie

210 3217 272 3280 8t.
301 3216 745 3300 magnitudine,
778 3229 848 3277 ut
878 3215 941 3277 &
968 3215 1181 3297 positi-

209 3337 331 3378 one
360 3315 442 3376 ad
473 3327 704 3376 rectam
742 3315 807 3375 P
829 3315 899 3376 O.
994 3315 1183 3375 Cum-

210 3439 333 3499 que
362 3439 507 3478 area
532 3418 598 3477 P
619 3417 736 3496 Op
766 3417 849 3477 sit
877 3416 1142 3496 tempori
1173 3408 1665 3495 proportionalis,
1697 3421 1888 3489 atque
1918 3406 2061 3468 ideo
2090 3428 2171 3469 ex
2200 3405 2349 3467 dato
2379 3416 2659 3483 tempore

210 3515 407 3588 detur,
460 3515 708 3576 dabitur
756 3514 1022 3597 angulus
1071 3515 1286 3593 Pop.
1383 3510 1472 3571 Et
1522 3508 1669 3570 inde
1719 3507 1970 3568 dabitur
2019 3503 2310 3585 ellipseos
2363 3502 2424 3564 &
2474 3513 2658 3562 rectae

215 3614 272 3675 O
274 3621 329 3693 p
378 3613 731 3675 intersectio
777 3612 1124 3675 communis
1159 3618 1229 3691 p,
1283 3630 1409 3670 una
1454 3628 1596 3668 cum
1643 3603 1873 3688 angulo
1924 3604 2063 3665 ΟΡ
2063 3611 2118 3683 p
2163 3603 2225 3663 in
2270 3623 2396 3681 quo
2443 3599 2657 3679 trajec-

211 3709 388 3773 toriae
446 3712 782 3794 vestigium
837 3711 906 3773 A
930 3713 1051 3792 Pp
1093 3722 1265 3772 secat
1306 3707 1534 3770 lineam
1582 3706 1734 3768 ΟΡ.
1860 3701 2018 3764 Inde
2059 3722 2212 3763 vero
2261 3694 2660 3781 (conferendo

17 3310 25 3327 1

28 3538 33 3548 .

10 3605 25 3629 t'

12 3633 29 3646 f

13 3660 28 3676 Ϋ

11 3743 22 3769 ἢ
30 3760 35 3767 ,

13 3771 36 3812 ,ἶ

18 3813 34 3833 1,,

7 3853 26 3890 »ἴ

9 4182 45 4250 «2.
