2852 4250
159 127 276 185 242
983 106 1099 156 DE
1133 105 1373 158 MOTU
1399 103 1706 157 CORPOR
1718 103 1843 155 ΠΜ

155 287 494 359 aequantur
523 274 686 337 inter
714 295 800 348 se,
829 273 891 336 &
921 272 1294 336 velocitates
1325 271 1549 354 primae
1582 271 1651 332 A
1674 271 1756 345 B,
1788 270 1950 332 DE
1974 274 2126 332 sun‘t
2155 267 2530 347 ultimis'ab,
2560 272 2668 350 de,

156 377 219 439 &
293 388 632 458 propterea
704 373 1056 437 dividendo
1127 373 1416 456 partibus
1490 371 1684 434 etiam
1751 370 1884 432 suis
1957 369 2208 432 amissis
2272 371 2344 432 A
2379 371 2446 433 B
2468 407 2531 420 -
2551 393 2594 435 a
2615 373 2668 447 b,

157 478 231 540 D
250 477 322 538 E
333 476 457 539 -d
469 498 502 538 e
541 472 1061 578 proportionales,
1158 472 1234 549 Q.
1258 472 1341 534 E.
1365 472 1453 533 D.

515 659 1156 724 PROPOSITIO
1233 659 1416 722 VII.
1534 657 2152 721 THEOREMA
2231 657 2318 720 V.

166 818 450 900 Corpora
491 817 791 898 splzoerica
834 815 1058 899 quibus
1102 814 1424 877 resistitur
1464 813 1535 876 in
1579 813 1902 896 duplicata
1961 812 2207 875 ratione
2259 812 2667 887 velocitatum,

247 918 636 999 temporibus,
679 938 820 999 quae
858 924 1012 979 sunt
1053 923 1129 977 ut
1170 922 1374 976 motus
1400 914 1622 995 primi
1657 913 1885 976 directe
1928 914 2012 981 ὅς’
2055 913 2417 976 resistentiae
2435 914 2679 996 primce

248 1019 498 1090 inverse,
567 1018 862 1079 amittent
908 1024 1132 1099 partes
1196 1024 1481 1078 motuum
1530 1015 2042 1096 proportionales
2106 1014 2270 1091 totis,
2322 1016 2406 1082 ὅς’
2468 1016 2675 1097 spatia

247 1117 582 1179 describent
640 1118 1015 1199 temporibus
1057 1117 1195 1180 istis
1243 1119 1326 1184 ὣ*
1370 1116 1786 1179 velocitatibus
1813 1115 2057 1199 primis
2115 1115 2490 1198 conjunctim
2518 1123 2673 1198 pro-

234 1217 646 1300 portionalia.

284 1373 588 1455 Namque
632 1386 921 1436 motuum
968 1386 1182 1456 partes
1228 1373 1482 1436 amissae
1527 1385 1677 1435 sunt
1723 1384 1794 1434 ut
1839 1370 2216 1434 resistentiae
2263 1370 2326 1433 &
2386 1383 2678 1453 tempora

164 1475 562 1558 conjunctim.
663 1474 867 1559 Igitur
910 1489 980 1537 ut
1025 1488 1238 1557 partes
1286 1473 1407 1538 illae
1454 1474 1582 1536 sint
1626 1473 1776 1536 totis
1836 1469 2360 1554 proportionaleS,
2415 1471 2678 1534 debebit

164 1574 522 1637 resistentia
567 1574 630 1637 ἃ
674 1588 927 1657 tempus
988 1577 1374 1661 conjunctim
1434 1598 1577 1639 esse
1637 1588 1708 1637 ut
1768 1588 1995 1637 motus,
2095 1573 2371 1636 Proinde
2423 1586 2677 1655 tempus

164 1676 283 1737 erit
327 1690 398 1738 ut
442 1689 653 1739 motus
699 1676 938 1739 directe
986 1677 1047 1739 &
1093 1678 1453 1741 resistentia
1498 1677 1766 1739 inverse.
1864 1675 2082 1755 Quare
2128 1686 2488 1756 temporum
2533 1696 2675 1757 par-

162 1776 367 1839 ticulis
415 1778 476 1840 in
524 1800 601 1840 ea
646 1777 890 1840 ratione
949 1780 1236 1860 sumptiS‚
1301 1800 1567 1860 corpora
1639 1777 1935 1839 amittent
2008 1797 2264 1857 semper
2337 1774 2677 1857 particulas

164 1891 451 1939 motuum
483 1877 989 1960 proportionales
1021 1880 1187 1953 totiS,
1224 1879 1499 1961 ideoque
1530 1878 1894 1940 retinebunt
1924 1875 2296 1939 velocitates
2327 1875 2674 1940 velocitati—

161 1978 281 2039 bus
341 1979 472 2040 suis
531 1979 751 2060 primis
804 2002 1060 2062 semper
1102 1978 1626 2062 proportionales,
1722 1979 1812 2041 Et
1857 1979 1941 2040 ob
1987 1978 2206 2039 datam
2266 1975 2677 2040 velocitatum

163 2078 490 2154 rationem,
518 2079 880 2142 describent
910 2103 1166 2162 semper
1195 2080 1416 2163 spatia,
1450 2102 1597 2163 quae
1637 2092 1787 2141 sunt
1831 2092 1902 2142 ut
1941 2077 2316 2143 velocitates
2361 2079 2583 2162 primae
2617 2078 2680 2142 &

161 2192 451 2260 tempora
482 2180 883 2263 conjunctim.
980 2181 1057 2258 Q.
1083 2182 1162 2244 E.
1187 2182 1274 2244 D.

284 2281 485 2343 Corol.
547 2302 595 2344 1.
650 2281 856 2364 Igitur
885 2282 938 2344 si
971 2281 1469 2364 aequivelocibus
1501 2281 1871 2364 corporibus
1904 2279 2215 2344 resistitur
2253 2279 2315 2342 in
2358 2278 2680 2363 duplicata

162 2380 406 2442 ratione
466 2381 962 2446 diametrorum:
1036 2383 1211 2467 globi
1274 2383 1656 2467 homogenei
1719 2383 2203 2465 quibuscunque
2252 2403 2395 2443 cum
2444 2380 2675 2444 veloci-

164 2481 399 2542 tatibus
446 2482 617 2555 moti,
666 2482 1088 2548 describendo
1134 2485 1341 2567 spatia
1386 2484 1712 2546 diametris
1758 2483 1890 2545 suis
1936 2480 2448 2564 proportionalia,
2495 2482 2676 2543 amit-

164 2594 300 2643 tent
332 2596 543 2664 partes
576 2596 864 2646 motuum
896 2584 1403 2667 proportionales
1436 2585 1601 2648 totis,
1701 2585 1923 2647 Motus
1964 2583 2136 2646 enim
2165 2581 2340 2666 globi
2372 2583 2680 2666 cujusque

163 2683 382 2750 eritut
413 2685 549 2766 ejus
580 2683 884 2748 velocitas
919 2687 980 2748 &
1012 2709 1224 2749 massa
1255 2686 1657 2770 conjunctim,
1693 2686 1757 2747 id
1799 2697 1913 2758 est,
1947 2696 2019 2746 ut
2048 2682 2353 2746 velocitas
2387 2683 2448 2745 &
2479 2684 2679 2746 cubus

164 2781 455 2844 diametri
480 2806 492 2856 ;
540 2785 898 2847 resistentia
947 2786 1087 2869 (per
1127 2787 1537 2870 hypothesin)
1584 2787 1703 2849 erit
1742 2799 1814 2849 ut
1858 2786 2238 2868 quadratum
2282 2785 2574 2847 diametri
2618 2784 2681 2846 &

165 2883 545 2963 quadratum
566 2884 920 2948 velocitatis
952 2887 1362 2971 conjunctim;
1398 2887 1459 2948 ἃ
1496 2900 1749 2968 tempus
1786 2885 1926 2970 (per
1956 2886 2118 2948 hanc
2149 2883 2676 2968 propositionem)

165 2997 265 3045 est
311 2985 372 3045 in
420 2986 664 3048 ratione
710 2988 920 3068 priore
965 2988 1204 3050 directe
1251 2988 1313 3050 &
1359 2988 1604 3050 ratione
1649 2988 2000 3069 posteriore
2043 2988 2310 3060 inverse,
2355 2987 2420 3048 id
2462 2999 2576 3059 est,
2609 2998 2682 3047 ut

165 3083 478 3147 diameter
520 3086 759 3148 directe
806 3086 868 3148 Sc
913 3086 1217 3150 velocitas
1272 3088 1559 3163 inverse;
1623 3088 1897 3170 ideoque
1942 3088 2236 3171 spatium,
2298 3086 2570 3169 tempori
2617 3085 2680 3148 8:

164 3182 483 3246 velocitati
516 3186 1003 3268 proportionale,
1038 3202 1136 3250 est
1166 3201 1237 3250 ut
1266 3188 1591 3252 diameter.

286 3284 488 3346 Corol.
543 3306 596 3347 2.
649 3286 720 3348 Si
753 3287 1249 3368 aequivelocibus
1281 3289 1651 3370 corporibus
1683 3287 1995 3351 resistitur
2036 3287 2099 3350 in
2146 3288 2391 3351 ratione
2435 3286 2677 3369 sesqui-

162 3382 395 3465 plicata
439 3385 935 3451 diametrorum:
980 3387 1154 3472 globi
1198 3389 1579 3472 homogenei
1627 3390 2112 3472 quibuscunque
2153 3412 2297 3452 cum
2329 3387 2677 3452 velocitati·

163 3482 283 3544 bus
330 3485 501 3558 moti,
549 3486 972 3549 describendo
1031 3489 1239 3569 spatia
1290 3489 1352 3550 in
1414 3488 1864 3570 sesquiplicata
1915 3491 2160 3554 ratione
2204 3491 2676 3564 diametrorum,

162 3583 458 3647 amittent
487 3599 702 3668 partes
734 3600 1022 3649 motuum
1054 3587 1558 3671 proportionales
1590 3590 1755 3653 totis,

285 3686 487 3750 Corol.
541 3708 597 3767 3.
653 3688 742 3750 Et
773 3688 1231 3762 universaliter,
1257 3690 1309 3751 si
1342 3688 1838 3771 aequivelocibus
1871 3693 2240 3775 corporibus
2272 3691 2584 3755 resistitur
2614 3690 2678 3753 in

161 3786 405 3850 ratione
465 3788 794 3872 dignitatis
855 3790 1288 3873 cujuscunque
1347 3791 1844 3856 diametrorum:
1919 3794 2128 3875 spatia
2199 3792 2431 3875 quibus
2502 3790 2677 3875 globi

158 3887 559 3971 homogenei,
624 3890 1109 3973 quibuscunque
1163 3913 1306 3953 cum
1368 3889 1813 3955 velocitatibus
1875 3894 2047 3967 moti,
2110 3894 2406 3956 amittent
2464 3904 2678 3975 partes
