2852 4250
6 3170 58 3475 zeewkaeffls
26 3134 44 3153 ‚2-
19 3108 44 3122 s
17 3026 60 3088 φης

15 2083 23 2107 '1

16 2107 46 2193 5

20 2189 48 2222 t

1069 93 1308 142 LIBER
1339 94 1432 143 SE
1438 95 1484 144 C
1492 94 1652 144 UND
1662 95 1760 143 US.
2512 127 2546 185 3
2556 128 2585 168 2
2594 128 2632 184 9

201 247 627 341 generandum
685 257 775 316 uti
832 257 1017 335 priuS,
1074 256 1134 316 &
1191 256 1451 316 fundum
1510 257 1676 316 vasis
1734 260 2061 323 sustinebit
2118 267 2359 344 pondus
2415 270 2633 351 glaciei

201 354 550 417 columnam
580 353 925 423 ambientis,

317 453 652 531 Liquescat
671 451 804 532 jam
825 449 1055 531 glacies
1076 451 1137 510 in
1156 472 1340 523 vase;
1389 451 1449 510 &
1479 451 1742 511 effluxus
1772 472 1967 531 aquae,
1994 455 2200 532 quoad
2224 457 2632 534 velocitatem,

201 550 366 611 idem
417 549 694 609 manebit
742 569 814 607 ac
861 548 1044 626 prius,
1168 548 1316 607 Non
1376 548 1590 635 minor*
1622 549 1751 619 erit,
1806 550 1952 628 quia
1999 550 2228 630 glacies
2291 555 2351 613 in
2411 578 2635 636 aquam

200 646 469 708 resoluta
525 646 848 707 conabitur
897 645 1323 705 descendere:
1391 666 1515 705 non
1575 647 1785 726 major,
1840 647 1985 724 quia
2029 647 2259 727 glacies
2305 651 2365 709 in
2410 674 2635 732 aquam

193 743 471 806 resoluta
528 764 652 803 non
711 755 919 822 potest
976 741 1356 801 descendere
1415 742 1530 800 nisi
1579 732 1976 822 impediendo
2035 745 2399 807 descensum
2459 772 2636 830 aquae

51 870 53 873 ¹
121 899 127 904 ,
198 840 447 901 alterius
483 840 806 900 descensui
852 860 966 899 suo
1011 837 1330 917 aequalem.
1427 838 1671 899 Eadem
1702 841 1796 900 vis
1828 843 2090 903 eandem
2122 865 2300 923 aquae
2332 847 2635 908 effluentis

199 938 590 1000 velocitatem
620 959 921 1018 generare
952 937 1155 997 debet.

312 1036 442 1097 Sed
487 1036 764 1096 foramen
811 1035 872 1094 in
917 1034 1111 1094 fundo
1156 1034 1337 1104 vasiS,
1370 1047 1625 1113 propter
1654 1034 1937 1116 obliquos
1969 1051 2172 1110 motus
2203 1041 2634 1118 particularum

198 1155 379 1214 aquae
409 1133 730 1204 effluentiS,
763 1131 950 1212 paulo
982 1134 1180 1213 majus
1212 1154 1350 1192 esse
1395 1134 1583 1193 debet
1627 1156 1814 1214 quam
1844 1134 2028 1213 prius,
2125 1136 2292 1195 Nam
2323 1138 2634 1216 particulae

198 1253 377 1310 aquae
400 1232 531 1312 jam
564 1251 687 1291 non
719 1243 1042 1290 transeunt
1071 1250 1288 1289 omnes
1319 1251 1431 1308 per
1460 1230 1736 1291 foramen
1781 1232 2398 1311 perpendiculariter;
2444 1238 2555 1296 sed
2599 1259 2637 1296 a

198 1329 490 1390 lateribus
549 1329 716 1388 vasis
774 1328 1050 1406 undique
1110 1327 1491 1388 confluentes
1566 1328 1626 1388 &
1686 1330 1746 1388 in
1819 1330 2096 1389 foramen
2171 1348 2633 1413 convergenteS‚

199 1426 464 1506 obliquis
516 1439 838 1486 transeunt
889 1425 1193 1497 motibus;
1264 1425 1323 1484 &
1369 1447 1614 1485 cursum
1661 1448 1842 1485 suum
1887 1427 2176 1486 deorsum
2214 1428 2530 1489 flectentes
2576 1431 2634 1490 in

198 1546 424 1611 venam
455 1546 635 1604 aquae
667 1523 972 1584 exilientis
1005 1523 1377 1601 conspirant,
1413 1545 1553 1602 quae
1585 1522 1802 1583 exilior
1831 1536 1925 1583 est
1961 1523 2145 1602 paulo
2177 1524 2332 1584 infra
2361 1526 2635 1587 foramen

198 1645 385 1704 quam
418 1624 477 1682 in
511 1623 647 1702 ipso
690 1623 1006 1693 foramine,
1041 1621 1347 1681 existente
1393 1622 1526 1701 ejus
1575 1621 1879 1681 diametro
1931 1622 2010 1680 ad
2059 1622 2427 1682 diametrum
2479 1625 2634 1685 fora-

197 1722 379 1782 minis
424 1734 492 1780 ut
540 1739 570 1798 5
619 1721 699 1780 ad
747 1725 800 1791 6,
847 1718 947 1780 vel
998 1736 1065 1800 5}
1112 1719 1191 1778 ad
1240 1724 1312 1800 6}
1357 1741 1545 1799 quam
1590 1721 1885 1798 proxime,
1933 1720 1984 1779 si
2052 1720 2238 1780 modo
2304 1720 2636 1781 diametros

198 1832 363 1880 recte
407 1819 724 1879 dimensus
770 1840 923 1878 sum.
1023 1818 1325 1876 Parabam
1375 1818 1588 1896 utique
1642 1817 1931 1876 laminam
1980 1816 2227 1895 planam
2275 1831 2636 1896 pertenuem

199 1918 258 1977 in
292 1917 498 1977 medio
536 1916 927 1996 perforatam,
962 1917 1268 1976 existente
1314 1914 1620 1974 circularis
1665 1914 1980 1974 foraminis
2026 1915 2327 1975 diametro
2372 1898 2667 1994 partium⁸

197 2016 471 2095 quinque
523 2028 882 2076 octavarum
942 2014 1137 2095 digiti.
1265 2013 1350 2072 Et
1401 2034 1479 2072 ne
1540 2034 1701 2072 vena
1760 2034 1938 2091 aquae
1999 2012 2303 2072 exilientis
2356 2015 2636 2075 cadendo

196 2113 639 2174 acceleraretur
669 2113 728 2173 &
759 2111 1203 2173 acceleratione
1235 2111 1599 2171 redderetur
1628 2112 1960 2191 angustior,
1996 2111 2152 2171 hanc
2191 2110 2479 2171 laminam
2511 2134 2634 2172 non

194 2211 389 2272 fundo
419 2211 530 2271 sed
562 2210 738 2271 lateri
782 2211 949 2270 vasis
1002 2210 1167 2270 affixi
1218 2210 1319 2279 sic,
1376 2222 1444 2268 ut
1491 2230 1653 2268 vena
1706 2208 1805 2268 illa
1852 2210 2251 2290 egrederetur
2296 2210 2634 2269 secundum

195 2307 420 2369 lineam
480 2309 780 2370 horizonti
840 2307 1212 2388 parallelam.
1340 2308 1504 2367 Dein
1565 2309 1667 2367 ubi
1728 2329 1837 2367 vas
1912 2329 2074 2386 aqua
2135 2305 2385 2385 plenum
2451 2320 2630 2378 esset,

195 2409 407 2487 aperui
454 2408 731 2468 foramen
779 2420 849 2467 ut
899 2428 1062 2486 aqua
1113 2406 1425 2477 efflueret3
1474 2405 1534 2464 &
1582 2427 1758 2465 venae
1808 2405 2122 2475 diameter,
2155 2405 2234 2463 ad
2279 2405 2634 2464 distantiam

196 2507 372 2586 quasi
404 2506 642 2566 dimidii
674 2506 850 2587 digiti
883 2527 920 2564 a
949 2505 1250 2566 foramine
1283 2526 1469 2583 quam
1509 2504 1963 2563 accuratissime
2008 2517 2375 2574 mensurata,
2408 2504 2637 2582 prodiit

196 2606 462 2684 partium
522 2606 742 2686 viginti
819 2605 878 2664 &
951 2605 1132 2664 unius
1207 2604 1820 2684 quadragesimarum
1895 2603 2086 2682 digiti.
2225 2602 2380 2661 Erat
2452 2602 2636 2682 igitur

195 2703 499 2763 diameter
555 2703 873 2764 foraminis
934 2703 1115 2783 hujus
1177 2700 1483 2762 circularis
1543 2701 1621 2760 ad
1675 2701 2043 2760 diametrum
2088 2722 2266 2760 venae
2319 2713 2387 2759 ut
2434 2721 2462 2758 2
2477 2717 2505 2776 5
2555 2700 2634 2759 ad

201 2821 268 2860 21
323 2801 808 2880 quamproxime.
915 2801 1105 2880 Aqua
1151 2801 1338 2881 igitur
1385 2799 1760 2859 transuendo
1808 2820 1920 2877 per
1969 2799 2261 2869 foramen,
2316 2798 2637 2878 convergit

197 2897 488 2978 undique,
541 2898 600 2958 &
659 2911 991 2978 postquam
1052 2899 1291 2959 effluxit
1338 2921 1416 2958 ex
1469 2919 1634 2968 vase,
1711 2898 1955 2957 tenuior
2033 2896 2309 2956 redditur
2380 2916 2632 2955 conver-

118 3019 121 3022 ⁴
196 2997 422 3077 gendo,
457 2996 517 3056 &
547 3018 658 3075 per
687 2997 1175 3058 attenuationem
1221 2995 1596 3057 acceleratur
1639 2995 1837 3055 donec
1868 2994 1947 3053 ad
1979 2993 2334 3053 distantiam
2365 2992 2635 3051 semissis

196 3094 374 3175 digiti
435 3117 472 3154 a
528 3095 830 3155 foramine
890 3096 1257 3174 pervenerit,
1322 3094 1381 3154 &
1454 3094 1534 3153 ad
1608 3093 1965 3152 distantiam
2041 3090 2204 3151 illam
2279 3091 2519 3150 tenuior
2576 3089 2634 3149 &

196 3191 451 3253 celerior
494 3192 562 3253 fit
609 3179 796 3272 quam
852 3194 912 3252 in
963 3194 1098 3273 ipso
1144 3192 1446 3254 foramine
1507 3193 1566 3250 in
1617 3191 1852 3250 ratione
1905 3208 1977 3267 25
2023 3210 2062 3249 ><
2108 3207 2179 3265 25
2230 3188 2307 3247 ad
2357 3209 2424 3246 21
2475 3207 2514 3246 ><
2558 3207 2624 3244 21

196 3313 306 3352 seu
369 3309 440 3368 17
506 3291 586 3351 ad
655 3312 721 3351 12
775 3292 1262 3371 quamproxime,
1312 3291 1373 3350 id
1420 3303 1515 3350 est
1560 3290 1619 3348 in
1666 3286 2094 3366 subduplicata
2138 3286 2373 3345 ratione
2420 3284 2634 3343 binarii

183 3389 276 3474 ⁴ad
307 3388 607 3449 unitatem
638 3390 888 3451 circiter.
985 3390 1103 3449 Per
1149 3388 1576 3467 experimenta
1623 3407 1773 3445 vero
1821 3396 2063 3444 constat
2110 3382 2276 3461 quod
2326 3381 2633 3459 quantitas

198 3508 393 3566 aquae,
427 3509 567 3567 quae
599 3509 712 3566 per
739 3488 1018 3547 foramen
1050 3486 1341 3547 circulare
1374 3487 1434 3545 in
1465 3484 1659 3543 fundo
1690 3482 1856 3543 vasis
1900 3481 2147 3553 factum,
2180 3478 2326 3538 dato
2357 3490 2633 3554 tempore

199 3585 406 3656 effluit,
440 3607 515 3645 ea
545 3586 625 3645 sit
655 3607 796 3665 quae
827 3607 966 3644 cum
998 3585 1327 3646 velocitate
1358 3583 1668 3663 praedicta,
1704 3602 1826 3641 non
1873 3601 1985 3658 per
2012 3578 2287 3638 foramen
2326 3573 2488 3643 illud,
2521 3572 2631 3632 sed

199 3703 312 3762 per
359 3682 637 3743 foramen
691 3682 997 3754 circulare,
1052 3685 1225 3764 cujus
1273 3683 1577 3742 diameter
1622 3692 1717 3739 est
1768 3678 1847 3737 ad
1900 3677 2267 3735 diametrum
2319 3669 2631 3731 foraminis

201 3778 359 3840 illius
411 3794 480 3841 ut
535 3802 603 3840 21
665 3781 743 3840 ad
797 3801 826 3839 2
841 3798 890 3857 5,
946 3780 1169 3840 eodem
1221 3793 1500 3858 tempore
1553 3776 1802 3836 effluere
1854 3772 2055 3832 debet.
2153 3769 2427 3847 Ideoque
2471 3787 2632 3845 aqua
