2846 4224
184 139 268 176 xx
1008 122 1391 175 EDITORIS
1424 122 1703 172 PRAEFA
1715 121 1798 173 TI
1797 122 1855 174 0.

179 285 435 347 conflari
472 287 791 350 censenda
823 289 974 363 erit;
1023 303 1216 371 atque
1247 290 1410 352 adeo
1443 311 1708 371 corpora
1738 289 1953 351 omnia
1984 289 2307 351 terrestria
2352 311 2423 352 se
2472 305 2696 355 mutuo

179 386 428 448 trahere
459 401 716 468 oportet
748 389 987 451 viribus
1019 389 1343 463 absolutiS,
1371 413 1515 472 quae
1540 390 1667 451 sint
1693 390 1753 451 in
1781 390 2023 451 ratione
2050 390 2333 452 materiae
2365 391 2693 456 trahentis,

190 487 352 549 Haec
385 501 482 549 est
514 491 736 550 n'atura
781 491 1112 572 gravitatis
1155 492 1324 575 apud
1372 505 1645 555 terram:
1695 490 2029 551 videamus
2067 491 2204 573 jam
2252 489 2458 572 qualis
2502 492 2587 555 sit
2634 494 2694 555 in

182 587 370 649 caelis,
1091 600 1094 604 '

297 688 546 770 Corpus
579 712 768 753 omne
800 714 1211 772 perseverare
1244 692 1305 753 in
1340 706 1508 754 statu
1542 714 1658 754 suo
1691 690 1796 753 vel
1827 690 2197 773 quiescendi
2238 688 2340 752 vel
2389 693 2693 756 movendi

177 794 571 856 uniformiter
625 790 687 851 in
741 792 1067 865 directum,
1120 793 1237 854 nisi
1293 805 1607 873 quatenus
1669 813 1708 852 a
1769 791 2009 852 viribus
2071 790 2399 872 impressis
2445 792 2695 875 cogitur

175 906 411 954 statum
445 893 618 955 illum
651 908 930 967 mutare;
980 906 1220 954 naturae
1254 890 1356 953 lex
1388 905 1486 953 est
1516 892 1598 952 ab
1630 892 1926 953 omnibus
1969 905 2225 972 recepta
2271 890 2686 974 philosophis,

181 994 340 1056 Inde
392 1017 546 1056 vero
599 995 885 1076 sequitur
937 1015 1216 1075 corpora,
1281 1015 1425 1074 quae
1489 993 1550 1053 in
1605 992 1814 1053 curvis
1868 1004 2224 1063 moventur,
2284 1005 2479 1073 atque
2524 993 2689 1056 adeo

174 1095 256 1156 de
304 1094 485 1156 lineis
534 1096 720 1156 rectis
775 1095 1012 1156 orbitas
1061 1116 1209 1155 suas
1264 1092 1673 1176 tangentibus
1725 1093 1971 1175 jugiter
2029 1093 2285 1165 abeunt,
2350 1094 2415 1154 vi
2477 1093 2691 1176 aliqua

173 1209 481 1275 perpetuo
541 1208 773 1278 agente
835 1195 1087 1256 retineri
1151 1195 1212 1255 in
1265 1194 1487 1255 itinere
1537 1193 1899 1254 curvilineo.
2031 1190 2310 1253 Planetis
2373 1193 2568 1276 igitur
2622 1194 2686 1256 in

173 1297 429 1358 orbibus
479 1298 687 1357 curvis
738 1295 1216 1358 revolventibus
1268 1295 1624 1357 necessario
1671 1294 1876 1356 aderit
1922 1294 2021 1354 vis
2068 1291 2296 1374 aliqua,
2346 1315 2464 1375 per
2508 1295 2687 1378 cujus

172 1397 451 1459 actiones
483 1398 784 1478 repetitas
817 1396 1249 1458 indesinenter
1278 1419 1316 1457 a
1349 1397 1758 1478 tangentibus
1792 1394 2227 1456 deflectantur.

285 1498 430 1578 Jam
493 1497 644 1559 illud
706 1498 967 1560 concedi
1030 1519 1284 1578 aequum
1360 1510 1474 1569 est,
1539 1497 1711 1578 quod
1790 1497 2259 1559 mathematicis
2335 1498 2686 1562 rationibus

169 1596 484 1680 colligitur
537 1598 598 1659 &
651 1599 999 1660 certissime
1051 1598 1557 1670 demonstratur;
1625 1620 1890 1679 corpora
1953 1620 2185 1680 nempe
2248 1600 2479 1674 omnia,
2537 1623 2682 1683 quae

170 1711 507 1759 moventur
537 1699 599 1759 in
630 1697 796 1760 linea
827 1698 1037 1780 aliqua
1069 1722 1261 1760 curva
1294 1700 1356 1760 in
1388 1698 1579 1780 plano
1611 1700 1943 1781 descripta,
1972 1722 2247 1782 quaeque
2279 1701 2458 1764 radio
2490 1703 2683 1766 ducto

171 1798 252 1858 ad
286 1811 589 1878 punctum
623 1798 724 1860 vel
758 1800 1091 1880 quiescens
1124 1799 1224 1862 vel
1258 1813 1581 1881 utcunque
1629 1813 1871 1862 motum
1905 1801 2274 1863 describunt
2305 1823 2486 1864 areas
2518 1803 2682 1865 circa

169 1911 473 1977 punctum
524 1897 675 1959 illud
725 1901 1115 1980 temporibus
1166 1900 1689 1982 proportionaleS‚
1742 1902 1952 1985 urgeri
2002 1924 2040 1963 a
2101 1902 2342 1964 viribus
2397 1926 2542 1985 quae
2596 1905 2679 1966 ad

168 1997 335 2058 idem
370 2011 671 2078 punctum
704 2000 988 2061 tendunt.
1087 2002 1250 2062 Cum
1285 2002 1475 2083 igitur
1508 2002 1568 2062 in
1610 2002 1902 2063 confesso
1940 2002 2024 2064 sit
2061 2003 2232 2084 apud
2275 2017 2678 2068 astronomos

168 2095 454 2176 planetas
515 2099 846 2179 primarios
908 2101 1139 2161 circum
1215 2101 1432 2174 solem,
1497 2102 1906 2164 secundarios
1983 2125 2137 2164 vero
2214 2104 2449 2166 circum
2525 2128 2707 2169 suos,

162 2197 508 2276 primari05‚
565 2221 744 2259 areas
793 2199 1151 2263 describere
1207 2202 1599 2282 temporibus
1661 2202 2203 2283 proportionales;
2274 2228 2676 2289 consequens

159 2309 257 2357 est
301 2309 370 2357 ut
417 2298 512 2357 vis
560 2296 677 2370 illa,
728 2321 854 2379 qua
900 2314 1210 2381 perpetuo
1263 2301 1727 2382 detorquentur
1778 2325 1815 2363 a
1869 2305 2280 2386 tangentibus
2335 2308 2674 2371 rectilineis

160 2395 220 2456 &
270 2397 330 2456 in
381 2397 600 2458 orbitis
651 2398 1011 2460 curvilineis
1064 2398 1307 2462 revolvi
1358 2415 1689 2483 coguntur,
1754 2425 1978 2464 versus
2040 2426 2306 2486 corpora
2366 2407 2677 2491 dirigatur

159 2519 302 2578 quae
334 2498 454 2558 sita
485 2511 632 2559 sunt
665 2499 726 2559 in
760 2500 1105 2561 orbitarum
1139 2501 1385 2563 centris,
1489 2502 1654 2563 Haec
1687 2503 1902 2584 itaque
1933 2505 2031 2565 vis
2065 2527 2192 2567 non
2220 2507 2434 2589 inepte
2458 2511 2671 2572 vocari

158 2609 383 2676 potest,
434 2611 722 2677 respectu
785 2600 1044 2679 quidem
1107 2601 1387 2681 corporis
1450 2600 1855 2676 revolventiS‚
1920 2606 2306 2686 centripeta;
2367 2624 2669 2690 respectu

157 2712 369 2760 autem
402 2702 680 2781 corporis
713 2699 1021 2773 centraliS,
1055 2703 1424 2774 attractiva;
1472 2726 1509 2764 a
1552 2726 1931 2786 quacunque
1979 2706 2238 2768 demum
2285 2730 2476 2772 causa
2522 2713 2668 2774 oriri

158 2798 447 2882 fingatur.

272 2907 445 2986 Quin
498 2906 558 2968 ἃ
608 2907 745 2967 haec
794 2923 1050 2984 quoque
1099 2903 1508 2965 concedenda
1568 2919 1735 2979 sunt,
1796 2904 1857 2967 81
1904 2907 2352 2972 mathematice
2398 2911 2661 2976 demon-

152 3020 469 3070 strantur:
541 3007 611 3068 Si
674 3026 939 3086 corpora
998 3002 1179 3083 plura
1240 3019 1415 3066 motu
1463 3006 1758 3086 aequabili
1823 3007 2234 3073 revolvantur
2294 3014 2357 3075 in
2419 3016 2665 3079 circulis

151 3108 576 3180 concentricis,
657 3105 718 3168 ἃ
793 3103 1104 3186 quadrata
1177 3117 1537 3186 temporum
1627 3109 2093 3188 periodicorum
2170 3114 2298 3177 sint
2372 3130 2443 3177 ut
2518 3119 2660 3180 cubi

150 3209 590 3270 distantiarum
622 3229 660 3268 a
697 3218 915 3267 centro
961 3203 1316 3279 communi;
1364 3206 1532 3267 vires
1580 3209 1964 3290 centripetas
2013 3213 2477 3278 revolventium
2526 3219 2662 3282 fore

149 3309 467 3389 reciproce
509 3322 578 3368 ut
624 3307 934 3388 quadrata
965 3304 1423 3368 distantiarum.
1552 3307 1691 3381 Vel,
1726 3310 1778 3370 si
1826 3333 2092 3393 corpora
2138 3314 2551 3380 revolvantur
2596 3320 2657 3381 in

147 3409 365 3471 orbitis
415 3431 558 3490 quae
608 3421 756 3469 sunt
804 3405 1050 3468 circulis
1100 3406 1401 3480 finitimae,
1460 3408 1521 3469 &
1570 3410 1901 3490 quiescant
1954 3415 2301 3477 orbitarum
2364 3420 2655 3500 apsides:

145 3509 312 3570 vires
346 3508 724 3588 centripetas
757 3504 1221 3567 revolventium
1254 3506 1387 3567 fore
1421 3508 1737 3589 reciproce
1762 3523 1832 3572 ut
1856 3513 2165 3593 quadrata
2189 3517 2648 3584 distantiarum.

147 3609 457 3671 Obtinere
489 3630 703 3670 casum
729 3607 1098 3668 alterutrum
1125 3607 1186 3667 in
1214 3606 1484 3689 planetis
1511 3610 1826 3672 universis
1856 3616 2260 3678 consentiunt
2283 3623 2647 3684 astronomi.

149 3710 374 3791 Itaque
448 3710 615 3770 vires
691 3709 1056 3789 centripetae
1132 3707 1527 3789 planetarum
1604 3713 1887 3774 omnium
1965 3730 2112 3778 sunt
2189 3719 2507 3800 reciproce
2582 3738 2652 3785 ut

140 3810 450 3891 quadrata
481 3810 920 3871 distantiarum
954 3810 1034 3871 ab
1067 3810 1312 3871 orbium
1346 3812 1591 3873 centris,
1689 3813 1758 3874 Si
1786 3815 1926 3895 quis
1954 3817 2208 3899 objiciat
2231 3820 2645 3900 planetarum,

141 3913 201 3974 δι
233 3911 398 3974 lunae
432 3913 797 3993 praesertim,
833 3912 1086 3993 apsides
1122 3934 1245 3973 non
1279 3913 1531 3993 penitus
1566 3915 1925 3996 quiescere;
1975 3919 2088 3980 sed
2139 3935 2314 3983 motu
2364 3925 2640 4005 quodam
