2846 4250
190 110 314 186 498
974 70 1088 156 DE
1122 107 1407 158 MUNDJ
1435 67 1794 159 SYSTEMA
1806 108 1902 156 TE

191 274 465 354 ideoque
499 270 763 352 aequalis
794 270 863 339 ἦ
892 273 962 333 Α
991 273 1062 334 E
1085 274 1375 354 proxime
1396 296 1414 351 3
1465 273 1527 336 &
1556 272 1828 358 angulus
1851 274 1922 335 A
1934 282 1989 356 p
2012 274 2084 335 E
2110 270 2396 336 nonnihil
2427 273 2698 339 obtusus

189 387 342 446 erat,
389 371 504 433 sed
549 371 682 433 fere
727 386 951 435 rectuS.
991 442 1000 449 ,
1049 373 1306 455 Nempe
1336 375 1388 435 si
1420 374 1860 436 demitteretur
1888 373 1971 434 ad
2000 373 2147 454 pE
2172 372 2696 454 perpendiculum

189 461 271 535 ab
306 473 397 545 A,
431 471 732 533 distantia
763 485 1029 535 cometae
1060 495 1098 534 a
1128 473 1581 556 perpendiculo
1613 472 1718 536 illo
1749 486 1886 536 erat
1913 473 1949 540 ἒς
1962 481 2017 554 p
2040 473 2123 535 E.

281 572 531 634 Eadem
564 586 748 635 nocte
794 573 949 635 hora
994 573 1084 651 93,
1118 587 1384 636 cometae
1433 575 1496 636 in
1541 575 1607 636 P
1654 573 1983 636 existentis
2014 570 2319 635 distantia
2349 594 2388 634 a
2417 571 2603 636 stella
2631 576 2703 637 E

193 729 330 777 erat
374 714 573 796 major
618 736 811 795 quam
856 694 944 847 {T
972 716 1041 776 A
1071 717 1154 790 E,
1189 717 1395 780 minor
1438 740 1630 800 quam
1666 696 1757 852 5-11—
1780 718 1847 803 A
1878 719 1960 791 E,
2005 717 2279 799 ideoque
2325 717 2588 798 aequalis
2615 697 2699 852 ᾗ

899 812 934 845 ‘2‘
1705 817 1740 851 ἶ
2666 814 2702 848 '8'

192 879 260 938 A
291 879 372 949 E,
407 883 519 938 seu
551 876 620 942 εἷς
648 877 718 936 A
748 877 819 937 E
847 880 1347 959 quamproxime.
1444 881 1507 941 A
1558 879 2011 963 perpendiculo
2059 894 2275 943 autem
2323 903 2363 942 a
2409 878 2594 943 stella
2623 882 2694 943 A

194 978 275 1039 ad
309 991 543 1038 rectam
574 978 726 1037 PE
756 977 1034 1039 demisso
1066 979 1367 1041 distantia
1398 995 1663 1044 cometae
1696 996 1831 1043 erat
1860 982 1895 1049 ἓ
1924 984 1989 1043 Ρ
2006 983 2089 1044 E.

310 1077 436 1138 Die
468 1075 617 1138 solis
648 1078 787 1138 Feb.
830 1095 908 1155 27
942 1076 1073 1140 hor.
1114 1078 1188 1145 8}
1225 1102 1367 1160 p.m.
1406 1095 1672 1142 cometae
1720 1082 1782 1142 in
1832 1083 1890 1158 Q
1938 1082 2269 1144 existentis
2311 1082 2615 1143 distantia
2660 1105 2700 1144 a

192 1178 373 1241 stella
408 1180 465 1240 O
496 1179 791 1260 aequabat
822 1179 1188 1240 distantiam
1234 1178 1558 1241 stellarum
1595 1182 1652 1242 O
1685 1181 1746 1242 &
1776 1182 1871 1254 H,
1907 1181 1968 1243 8z
2000 1195 2171 1243 recta
2205 1181 2263 1257 Q
2289 1182 2347 1243 O
2391 1181 2704 1262 producta

194 1278 500 1340 transibat
546 1278 707 1340 inter
759 1278 972 1340 stellas
1018 1280 1101 1340 K
1139 1279 1200 1341 δε
1251 1281 1331 1341 B.
1434 1281 1823 1343 Positionem
1878 1282 2064 1365 hujus
2118 1296 2307 1344 rectae
2361 1282 2445 1344 ob
2499 1282 2702 1345 nubes

192 1379 687 1441 intervenientes
722 1380 921 1463 magis
953 1393 1243 1441 accurate
1267 1380 1533 1442 definire
1565 1403 1692 1443 non
1725 1382 1916 1462 potui.

309 1480 438 1542 Die
487 1482 702 1542 martis
749 1482 957 1543 Mart.
1006 1503 1025 1541 1
1067 1481 1198 1542 hor.
1246 1502 1310 1542 11
1357 1503 1502 1562 p.m.
1539 1495 1787 1543 cometa
1835 1482 1896 1542 in
1944 1483 2011 1543 R
2060 1483 2340 1545 existens
2386 1482 2584 1546 stellis
2630 1485 2712 1545 K

196 1579 257 1641 &
293 1581 350 1641 C
374 1595 662 1643 accurate
695 1582 1117 1664 interjacebat,
1154 1581 1215 1642 &
1247 1595 1434 1643 rectae
1473 1583 1530 1643 C
1547 1584 1613 1643 R
1637 1583 1718 1642 K
1759 1605 1902 1663 pars
1941 1583 2082 1644 CR
2114 1582 2304 1665 paulo
2335 1585 2537 1667 major
2567 1597 2703 1646 erat

194 1702 384 1761 quam
431 1681 465 1747 ὲ
509 1682 565 1742 C
581 1683 669 1754 K,
720 1682 781 1743 &
826 1681 1015 1763 paulo
1062 1682 1268 1744 minor
1311 1704 1503 1763 quam
1537 1682 1569 1748 ὲ
1611 1683 1669 1744 C
1685 1682 1875 1751 [ζ’-μὲ
1924 1683 1982 1745 C
1999 1684 2081 1757 R,
2116 1684 2391 1766 ideoque
2436 1684 2700 1767 aequalis

190 1779 225 1845 z}
269 1780 566 1848 CK-l-T}
603 1781 890 1842 CRseu
923 1782 990 1848 ἐξ
1028 1783 1186 1845 CK

314 1882 439 1943 Die
479 1883 766 1943 mercurii
806 1884 1015 1944 Mart.
1060 1905 1089 1943 2
1127 1883 1256 1945 hor.
1298 1887 1333 1945 8
1368 1906 1515 1965 p.m.
1554 1899 1820 1946 cometae
1853 1886 2183 1947 existentis
2225 1886 2286 1947 in
2321 1887 2378 1947 S
2403 1887 2705 1949 distantia

188 2003 225 2042 a
273 1980 454 2043 stella
491 1983 547 2043 C
572 1996 707 2043 erat
748 1982 780 2048 {-
816 1985 888 2043 F
907 1985 965 2044 C
1003 1985 1502 2065 quamproxime.
1605 1986 1929 2047 Distantia
1973 1986 2174 2049 stellae
2206 1989 2277 2048 F
2296 2010 2335 2048 a
2366 2001 2537 2049 recta
2573 1988 2630 2050 C
2648 1989 2706 2049 S

186 2082 497 2163 producta
547 2095 681 2143 erat
719 2083 802 2149 ἐς
852 2085 923 2144 F
950 2084 1007 2146 C
1019 2111 1045 2157 ,·
1109 2083 1170 2145 Sc
1223 2084 1525 2146 distantia
1574 2085 1773 2147 stellae
1819 2088 1886 2148 B
1933 2089 2015 2149 ab
2063 2088 2291 2150 eadem
2342 2101 2513 2149 recta
2564 2100 2701 2149 erat

187 2181 520 2263 quintuplo
553 2185 755 2265 major
786 2206 977 2265 quam
1024 2184 1325 2246 distantia
1369 2185 1570 2247 stellae
1602 2188 1675 2250 F.
1776 2188 1939 2250 Item
1987 2202 2159 2250 recta
2190 2190 2276 2251 N
2289 2190 2347 2251 S
2387 2189 2697 2271 producta

190 2283 496 2344 transibat
542 2283 705 2345 inter
748 2283 961 2345 stellas
994 2286 1082 2346 H
1106 2286 1167 2347 81
1197 2288 1253 2359 l,
1289 2285 1623 2368 quintuplo
1656 2286 1758 2349 vel
1801 2289 2098 2371 sextuplo
2131 2291 2389 2372 propior
2419 2292 2700 2353 existens

191 2381 390 2444 stellae
422 2384 510 2443 H
531 2405 722 2464 quam
756 2384 955 2447 stellae
989 2387 1045 2447 l.

310 2484 435 2544 Die
481 2485 719 2546 saturni
766 2487 974 2548 Mart.
1018 2506 1048 2565 5
1100 2487 1232 2549 hor.
1286 2487 1396 2554 11}
1433 2511 1580 2569 p.m.
1633 2503 1883 2552 cometa
1927 2490 2243 2554 existente
2291 2493 2352 2553 in
2412 2493 2480 2564 T,
2530 2505 2702 2555 recta

188 2583 280 2641 M
306 2583 369 2642 T
390 2584 651 2664 aequalis
685 2599 819 2647 erat
850 2586 1013 2653 {M
1025 2589 1104 2660 L,
1142 2588 1202 2649 ἃ
1246 2602 1417 2649 recta
1447 2590 1506 2650 L
1550 2590 1613 2650 T
1651 2591 1962 2671 producta
2007 2592 2318 2654 transibat
2349 2593 2513 2655 inter
2539 2594 2606 2655 B
2637 2593 2699 2656 Sc

184 2683 258 2754 F,
315 2684 668 2765 quadruplo
729 2685 831 2747 vel
894 2687 1230 2769 quintuplo
1290 2690 1551 2770 propior
1609 2692 1681 2751 F
1731 2713 1923 2773 quam
1984 2693 2065 2764 B,
2121 2693 2413 2755 auferens
2467 2716 2505 2755 a
2550 2695 2618 2755 B
2638 2695 2710 2755 F

186 2783 471 2862 quintam
517 2785 618 2846 vel
652 2802 898 2848 sextam
946 2790 1081 2871 ejus
1124 2803 1369 2871 partem
1404 2813 1627 2853 versus
1660 2793 1735 2854 F.
1835 2794 1925 2854 Et
1955 2794 2052 2854 M
2077 2794 2140 2854 T
2174 2794 2484 2875 producta
2529 2808 2697 2856 tran-

186 2883 350 2944 sibat
380 2899 559 2946 extra
589 2888 864 2967 spatium
889 2890 955 2949 B
972 2891 1043 2950 F
1057 2891 1137 2951 ad
1171 2904 1383 2972 partes
1408 2891 1609 2955 stellae
1639 2894 1719 2966 B,
1747 2892 2105 2975 quadruplo
2137 2894 2396 2975 propior
2418 2894 2698 2956 existens

187 2982 384 3063 stellae
417 2986 482 3045 B
513 3008 703 3067 quam
735 2987 934 3050 stellae
965 2992 1040 3052 F.
1141 2992 1301 3061 Erat
1345 2994 1441 3053 M
1477 2993 1659 3055 stella
1688 2995 2040 3077 perexigua
2085 3016 2229 3076 quae
2275 3016 2391 3076 per
2435 2993 2697 3057 telesco-

189 3083 359 3163 pium
379 3086 592 3149 ,videri
625 3089 733 3149 vix
765 3091 970 3170 potuit
1003 3091 1063 3153 &
1094 3094 1153 3153 L
1190 3093 1372 3155 stella
1405 3096 1606 3177 major
1636 3096 1817 3176 quasi
1850 3095 2307 3178 magnitudinis
2338 3109 2600 3158 octavae.

309 3186 434 3247 Die
480 3186 646 3250 lunae
691 3191 900 3253 Mart.
946 3211 976 3270 7
1025 3194 1154 3256 hor.
1194 3195 1270 3272 9}
1306 3218 1450 3276 p.m.
1487 3210 1737 3258 cometa
1781 3197 2096 3258 existente
2143 3197 2206 3258 in
2255 3197 2324 3270 V,
2360 3211 2530 3259 recta
2576 3199 2642 3259 V
2662 3225 2698 3257 α

188 3285 497 3364 producta
547 3290 854 3352 transibat
903 3292 1066 3353 inter
1111 3295 1177 3354 B
1224 3295 1284 3355 ἃ
1314 3296 1389 3368 F,
1424 3296 1717 3359 auferens
1750 3319 1788 3358 a
1818 3298 1884 3358 B
1906 3298 1977 3358 F
1998 3319 2222 3359 versus
2252 3298 2324 3358 F
2342 3297 2413 3364 ’flu'
2441 3298 2508 3359 B
2524 3299 2600 3372 F,
2635 3298 2698 3360 &

188 3400 323 3447 erat
353 3387 434 3448 ad
473 3402 708 3450 rectam
757 3391 820 3450 V
829 3392 876 3464 β
906 3406 976 3453 ut
1011 3412 1041 3471 5
1066 3395 1159 3485 ‘ad
1193 3416 1249 3472 4.
1349 3397 1438 3458 Et
1482 3398 1784 3460 distantia
1829 3412 2095 3461 cornetae
2141 3421 2181 3460 a
2225 3413 2397 3462 recta
2427 3426 2462 3457 α
2485 3401 2533 3474 β
2563 3412 2699 3462 erat

187 3489 221 3555 v}
260 3490 323 3550 V
336 3492 398 3563 β.
485 3549 488 3551 ,

71 3595 76 3600 ’
310 3590 436 3651 Die
482 3594 771 3654 mercurii
816 3595 1027 3657 Mart.
1066 3618 1103 3673 9
1137 3596 1291 3659 hora
1325 3599 1398 3665 832
1435 3622 1581 3681 p.m.
1634 3615 1884 3664 cometa
1929 3603 2245 3665 existente
2291 3603 2354 3664 in
2399 3603 2491 3677 X,
2525 3617 2697 3667 recta

187 3714 228 3766 γ
254 3690 329 3750 X
359 3690 618 3772 aequalis
641 3694 890 3773 erati-'y
911 3692 957 3768 ὃ,
982 3696 1044 3757 ἃ
1074 3699 1594 3779 perpendiculum
1619 3702 1968 3765 demissum
2000 3727 2039 3766 a
2069 3703 2251 3767 stella
2281 3702 2314 3762 ὃ
2342 3705 2426 3768 ad
2458 3719 2695 3768 rectam

188 3815 230 3867 γ
254 3792 331 3852 Χ
353 3807 487 3854 erat
516 3794 551 3859 ἓ
587 3819 629 3873 7
650 3792 697 3858 ὃ.

307 3892 553 3954 Eadem
606 3909 790 3964 nocte
840 3897 994 3959 hora
1053 3920 1141 3979 12,
1177 3915 1423 3962 cometa
1456 3903 1769 3966 existente
1820 3906 1880 3966 in
1927 3907 1997 3979 Y,
2032 3919 2202 3988 recta
2247 3932 2291 3985 γ
2326 3907 2393 3967 Υ
2433 3905 2694 3988 aequalis
