2852 4250
2675 0 2822 121 ,Ἴ

186 139 216 180 2
228 121 308 196 84
1000 119 1116 168 DE
1149 119 1226 168 M
1225 119 1331 170 OT
1331 119 1389 169 U
1421 120 1467 170 C
1469 118 1726 170 ORPOR
1738 117 1861 168 ΠΜ
2792 124 2820 191 ,3

179 287 504 350 fortiorem
565 309 645 348 ex
705 307 834 348 uno
894 283 1091 348 latere
1151 307 1342 368 quam
1389 307 1469 347 ex
1515 283 1654 357 alio,
1703 283 1818 346 sed
1864 283 2074 346 eidem
2128 285 2327 361 cedet,
2383 285 2577 371 idque
2623 290 2685 352 in

178 400 506 450 momento
536 387 858 468 temporiS,
893 386 1043 467 quia
1073 384 1236 447 latus
1267 385 1438 446 vasis
1471 383 1746 465 rigidum
1777 404 1905 445 non
1938 386 2340 467 persequitur
2377 385 2687 469 liquorem

178 487 560 565 cedentem„
625 485 935 548 Cedendo
994 498 1207 547 autem
1258 484 1510 567 urgebit
1561 482 1725 544 latus
1778 484 2159 564 oppositum,
2195 485 2257 547 &
2309 486 2398 549 sic
2443 489 2689 569 pressio

176 589 460 670 undique
491 588 572 649 ad
605 586 1033 669 aequalitatem
1065 599 1304 668 verget.
1405 585 1495 645 Et
1525 584 1827 665 quoniam
1874 582 2155 658 fluidum,
2189 606 2382 674 quam
2414 587 2688 668 primum

174 711 213 750 a
264 702 444 770 parte
497 688 700 770 magis
754 709 973 768 pressa
1026 687 1322 748 recedere
1376 698 1654 757 conatur,
1712 684 2033 778 inhibetur
2083 706 2199 766 per
2260 687 2688 750 resistentiam

174 790 344 850 vasis
376 788 457 850 ad
489 787 653 849 latus
685 787 1084 867 oppositum;
1134 786 1471 847 reducetur
1500 785 1745 866 pressio
1787 784 2070 866 undique
2111 785 2193 846 a'd
2240 785 2688 868 aequalitatem,

174 889 236 949 in
270 900 595 949 momento
628 886 948 966 temporiS,
983 886 1120 946 sine
1153 898 1328 946 motu
1372 882 1554 946 locali
1589 908 1600 946 ε
1650 884 1711 945 8(
1757 883 2030 945 subinde
2083 898 2296 965 partes
2350 885 2542 960 fluidi,
2575 909 2693 969 per

172 1009 388 1050 casum
435 987 742 1067 quintum,
776 1007 846 1046 se
893 999 1115 1047 mutuo
1161 999 1454 1066 prement
1499 983 1843 1066 aequaliter,
1893 984 1955 1046 &
2003 985 2332 1066 quiescent
2385 986 2549 1048 inter
2598 1009 2685 1050 se.

175 1090 250 1165 Q.
276 1089 355 1149 E.
385 1089 470 1149 D.
2313 1080 2320 1086 ⁸

297 1189 498 1250 Corol.
556 1187 754 1249 Unde
808 1209 924 1248 nec
978 1199 1189 1249 motus
1242 1186 1517 1267 partium
1572 1172 1748 1247 fluidi
1798 1186 1963 1246 inter
2013 1207 2099 1258 se,
2143 1207 2259 1267 per
2296 1186 2690 1268 pressionem

174 1290 368 1352 fluido
417 1289 625 1350 ubivis
673 1289 735 1349 in
782 1301 1047 1350 externa
1088 1287 1421 1369 superficie
1464 1286 1717 1360 illatam,
1767 1285 1994 1348 mutari
2041 1299 2328 1367 possunt,
2373 1287 2491 1348 nisi
2534 1310 2687 1370 qua-

173 1404 358 1453 tenus
404 1403 515 1451 aut
569 1388 772 1472 figura
820 1388 1174 1470 superficiei
1221 1386 1449 1449 alicubi
1497 1400 1791 1460 mutatur,
1826 1399 1936 1448 aut
1981 1408 2204 1449 omnes
2251 1386 2427 1448 fluidi
2472 1401 2688 1468 partes
2758 1456 2789 1482 .-

174 1491 480 1553 intensius
513 1489 615 1552 vel
648 1491 971 1553 remissius
1005 1512 1146 1552 sese
1187 1489 1541 1570 premendo
1594 1487 1910 1550 difficilius
1942 1486 2043 1550 vel
2097 1486 2341 1550 facilius
2393 1486 2692 1551 labuntur

175 1593 338 1654 inter
368 1614 451 1654 se.

486 1896 1129 1958 PROPOSITIO
1213 1896 1383 1957 XX.
1511 1882 2129 1957 THEOREMA
2212 1895 2373 1957 XV.

167 2065 224 2125 S
223 2064 251 2124 i
282 2064 497 2146 fluidi
541 2066 843 2146 splcaerici,
905 2068 987 2132 &³
1038 2067 1107 2127 in
1159 2067 1503 2149 aeqnalibns
1553 2088 1594 2126 a
1645 2073 1852 2127 centro
1921 2064 2245 2126 distantiis
2312 2063 2680 2146 homogenei,

230 2179 450 2260 fundo
478 2181 773 2261 splzaerico
802 2182 1177 2243 comentrico
1207 2180 1614 2242 incumbentis
1627 2189 1852 2262 partes
1878 2181 2148 2263 singulae
2167 2202 2380 2242 versus
2406 2187 2690 2241 centrum

248 2295 440 2356 totins
458 2297 819 2377 gravitcnt,·
848 2297 1111 2359 sustinet
1120 2297 1422 2378 fundum
1438 2296 1695 2377 pondus
1723 2295 2014 2377 cylindri,
2047 2295 2228 2377 cnjus
2250 2295 2412 2357 basis
2432 2295 2691 2378 oequalis

249 2419 335 2472 est
362 2412 712 2493 superficiei
719 2412 946 2492 fundi,
987 2416 1070 2479 ὣ*
1098 2412 1370 2474 altitudo
1399 2412 1605 2473 eadem
1636 2434 1774 2493 qnae
1778 2411 1993 2494 fluidi
2020 2411 2443 2473 incumbentis.

281 2595 381 2656 Sit
404 2597 565 2657 DH
566 2597 662 2657 M
674 2598 1041 2679 superficies
1062 2599 1260 2675 fundi,
1290 2599 1351 2660 &
1371 2598 1441 2659 A
1455 2599 1526 2659 E
1533 2599 1582 2659 I

162 2695 529 2774 superficies
562 2698 851 2778 superior
882 2698 1074 2760 fluidi.
1189 2699 1569 2780 Superficie-

165 2793 284 2854 bus
316 2794 640 2874 sphaericis
683 2797 1029 2858 innumeris
1059 2799 1126 2858 B
1143 2799 1213 2858 F
1220 2799 1310 2871 K,
1351 2799 1408 2860 C
1427 2799 1566 2860 GL

166 2893 593 2976 distinguatur
639 2895 901 2957 fluidum
952 2898 1013 2958 in
1061 2899 1247 2960 orbes
1301 2921 1567 2961 concen-
1679 2967 1692 2986 .-
1759 2979 1766 2987 ¹
1840 2974 1855 2990 .-

167 2993 356 3054 tricos
417 2993 746 3074 aequaliter
805 2998 1084 3071 crassos;
1185 2998 1247 3059 ἃ
1307 3000 1569 3081 concipe

166 3092 298 3153 vim
328 3094 660 3175 gravitatis
692 3117 883 3178 agere
914 3096 1316 3161 solummodo
1359 3100 1421 3161 in
1463 3123 1565 3162 su-

165 3192 487 3274 perficiem
520 3195 910 3275 superiorem
943 3199 1114 3259 orbis
1146 3200 1467 3282 cujusque,
1504 3202 1565 3263 &
1627 3200 1637 3280 Ξ

165 3290 448 3374 aequales
480 3315 622 3355 esse
653 3296 935 3358 actiones
961 3298 1022 3358 in
1048 3297 1328 3380 aequales
1352 3315 1566 3381 partes
1702 3289 1730 3373 ἷ,

164 3392 640 3474 superficierum
680 3396 977 3459 omnium.
1076 3398 1390 3462 Premitur
1412 3423 1566 3486 ergo

164 3492 531 3574 superficies
551 3516 849 3575 suprema
871 3497 941 3557 A
958 3498 1029 3558 E
1046 3498 1111 3558 vi
1136 3499 1402 3581 simplici
1420 3524 1561 3585 gra-

162 3593 378 3653 vitatis
409 3595 699 3675 propriae,
734 3617 861 3677 qua
892 3596 954 3657 &
984 3619 1207 3659 omnes
1239 3599 1409 3661 orbis
1462 3625 1562 3664 su-

163 3693 365 3774 premi
440 3707 653 3774 partes
715 3695 777 3756 &
846 3691 1211 3777 superficies
1286 3702 1567 3765 secunda

162 3793 317 3854 BF
329 3794 412 3855 K
439 3793 579 3877 (per
609 3817 784 3877 prop.
824 3796 965 3879 XIX)
1011 3819 1127 3878 pro
1166 3821 1463 3863 mensura
1503 3826 1619 3866 sua
1665 3808 1996 3889 aequaliter
2047 3827 2435 3894 premuntur.
2534 3818 2681 3880 Pre-

164 3893 355 3955 mitur
384 3908 693 3974 praeterea
724 3897 1088 3978 superficies
1120 3901 1401 3963 secunda
1430 3904 1584 3965 BF
1591 3907 1673 3967 K
1711 3910 1774 3970 vi
1830 3913 2105 3993 propriae
2148 3916 2681 4000 gravitatisslquae
