<?xml version="1.0" encoding="UTF-8"?>
<!DOCTYPE html PUBLIC "-//W3C//DTD XHTML 1.0 Transitional//EN"
    "http://www.w3.org/TR/xhtml1/DTD/xhtml1-transitional.dtd">
<html xmlns="http://www.w3.org/1999/xhtml" xml:lang="en" lang="en">
 <head>
  <title>
</title>
<meta http-equiv="Content-Type" content="text/html;charset=utf-8" />
  <meta name='ocr-system' content='tesseract 3.04.00' />
  <meta name='ocr-capabilities' content='ocr_page ocr_carea ocr_par ocr_line ocrx_word'/>
</head>
<body>
  <div class='ocr_page' id='page_1' title='image "./principia00newtuoft_0187.png"; bbox 0 0 2852 4250; ppageno 0'>
   <div class='ocr_carea' id='block_1_1' title="bbox 1117 111 2619 213">
    <p class='ocr_par' dir='ltr' id='par_1_1' title="bbox 1117 111 2619 213">
     <span class='ocr_line' id='line_1_1' title="bbox 1117 111 2619 213; baseline -0.001 -31"><span class='ocrx_word' id='word_1_1' title='bbox 1117 133 1354 197; x_wconf 74' lang='lat' dir='ltr'><em>LIBER</em></span> <span class='ocrx_word' id='word_1_2' title='bbox 1387 132 1695 181; x_wconf 79' lang='lat' dir='ltr'><em>PRIMUS.</em></span> <span class='ocrx_word' id='word_1_3' title='bbox 2349 111 2355 116; x_wconf 82' lang='grc'><em>’</em></span> <span class='ocrx_word' id='word_1_4' title='bbox 2510 157 2530 195; x_wconf 78' lang='lat'>1</span> <span class='ocrx_word' id='word_1_5' title='bbox 2542 117 2584 211; x_wconf 62' lang='lat'><em>4·</em></span> <span class='ocrx_word' id='word_1_6' title='bbox 2589 154 2619 213; x_wconf 90' lang='lat'><strong>5</strong></span> 
     </span>
    </p>
   </div>
   <div class='ocr_carea' id='block_1_2' title="bbox 0 0 128 404">
    <p class='ocr_par' dir='ltr' id='par_1_2' title="bbox 0 0 128 404">
     <span class='ocr_line' id='line_1_2' title="bbox 0 0 128 404; baseline 0 3846"><span class='ocrx_word' id='word_1_7' title='bbox 0 0 128 404; x_wconf 95' lang='lat' dir='ltr'><em> </em></span> 
     </span>
    </p>
   </div>
   <div class='ocr_carea' id='block_1_3' title="bbox 352 411 2449 481">
    <p class='ocr_par' dir='ltr' id='par_1_3' title="bbox 352 411 2449 481">
     <span class='ocr_line' id='line_1_3' title="bbox 352 411 2449 481; baseline -0 -4"><span class='ocrx_word' id='word_1_8' title='bbox 352 415 976 481; x_wconf 86' lang='lat' dir='ltr'><strong>PROPOSITIO</strong></span> <span class='ocrx_word' id='word_1_9' title='bbox 1054 413 1420 474; x_wconf 89' lang='lat' dir='ltr'><strong>XLVIII.</strong></span> <span class='ocrx_word' id='word_1_10' title='bbox 1544 411 2144 473; x_wconf 88' lang='lat' dir='ltr'><strong>THEOREMA</strong></span> <span class='ocrx_word' id='word_1_11' title='bbox 2238 415 2449 477; x_wconf 90' lang='lat' dir='ltr'><strong>XVI.</strong></span> 
     </span>
    </p>
   </div>
   <div class='ocr_carea' id='block_1_4' title="bbox 182 575 2632 1332">
    <p class='ocr_par' dir='ltr' id='par_1_4' title="bbox 182 575 2632 1332">
     <span class='ocr_line' id='line_1_4' title="bbox 182 575 2625 663; baseline -0.001 -20"><span class='ocrx_word' id='word_1_12' title='bbox 182 582 264 642; x_wconf 90' lang='lat' dir='ltr'><em>Si</em></span> <span class='ocrx_word' id='word_1_13' title='bbox 302 590 439 643; x_wconf 85' lang='lat' dir='ltr'><em>rota</em></span> <span class='ocrx_word' id='word_1_14' title='bbox 471 583 648 663; x_wconf 91' lang='lat' dir='ltr'><em>globo</em></span> <span class='ocrx_word' id='word_1_15' title='bbox 689 580 1054 642; x_wconf 84' lang='lat' dir='ltr'><em>extrinsecus</em></span> <span class='ocrx_word' id='word_1_16' title='bbox 1094 578 1186 638; x_wconf 90' lang='lat' dir='ltr'><em>ad</em></span> <span class='ocrx_word' id='word_1_17' title='bbox 1219 577 1478 658; x_wconf 89' lang='lat' dir='ltr'><em>angulos</em></span> <span class='ocrx_word' id='word_1_18' title='bbox 1520 583 1705 636; x_wconf 88' lang='lat' dir='ltr'><em>rectos</em></span> <span class='ocrx_word' id='word_1_19' title='bbox 1742 575 2003 649; x_wconf 75' lang='lat' dir='ltr'><em>insistat,</em></span> <span class='ocrx_word' id='word_1_20' title='bbox 2040 579 2121 643; x_wconf 49' lang='grc' dir='ltr'><em>ξφ</em></span> <span class='ocrx_word' id='word_1_21' title='bbox 2150 599 2315 639; x_wconf 89' lang='lat' dir='ltr'><em>more</em></span> <span class='ocrx_word' id='word_1_22' title='bbox 2340 588 2625 640; x_wconf 91' lang='lat' dir='ltr'><em>rotarum</em></span> 
     </span>
     <span class='ocr_line' id='line_1_5' title="bbox 263 688 2628 773; baseline -0.002 -18"><span class='ocrx_word' id='word_1_23' title='bbox 263 693 610 755; x_wconf 83' lang='lat' dir='ltr'><em>revolvendo</em></span> <span class='ocrx_word' id='word_1_24' title='bbox 671 691 1126 773; x_wconf 74' lang='lat' dir='ltr'><em>progrediatur</em></span> <span class='ocrx_word' id='word_1_25' title='bbox 1191 689 1262 749; x_wconf 89' lang='lat' dir='ltr'><em>in</em></span> <span class='ocrx_word' id='word_1_26' title='bbox 1332 689 1560 748; x_wconf 91' lang='lat' dir='ltr'><em>circulo</em></span> <span class='ocrx_word' id='word_1_27' title='bbox 1616 688 1882 750; x_wconf 82' lang='lat' dir='ltr'><em>maximo</em></span> <span class='ocrx_word' id='word_1_28' title='bbox 1903 715 1927 760; x_wconf 89' lang='lat'><em>,·</em></span> <span class='ocrx_word' id='word_1_29' title='bbox 2012 688 2327 770; x_wconf 77' lang='lat' dir='ltr'><em>longitudo</em></span> <span class='ocrx_word' id='word_1_30' title='bbox 2383 688 2628 750; x_wconf 88' lang='lat' dir='ltr'><em>itineris</em></span> 
     </span>
     <span class='ocr_line' id='line_1_6' title="bbox 262 799 2627 885; baseline -0.002 -18"><span class='ocrx_word' id='word_1_31' title='bbox 262 806 600 877; x_wconf 81' lang='lat' dir='ltr'><em>curvilinei,</em></span> <span class='ocrx_word' id='word_1_32' title='bbox 631 804 798 885; x_wconf 81' lang='lat' dir='ltr'><em>quod</em></span> <span class='ocrx_word' id='word_1_33' title='bbox 815 811 1123 884; x_wconf 77' lang='lat' dir='ltr'><em>punctum</em></span> <span class='ocrx_word' id='word_1_34' title='bbox 1164 802 1414 883; x_wconf 76' lang='lat' dir='ltr'><em>quodvis</em></span> <span class='ocrx_word' id='word_1_35' title='bbox 1457 801 1527 862; x_wconf 89' lang='lat' dir='ltr'><em>in</em></span> <span class='ocrx_word' id='word_1_36' title='bbox 1571 809 1722 861; x_wconf 78' lang='grc' dir='ltr'><em>νοίω</em></span> <span class='ocrx_word' id='word_1_37' title='bbox 1745 801 2082 881; x_wconf 80' lang='lat' dir='ltr'><em>perimetro</em></span> <span class='ocrx_word' id='word_1_38' title='bbox 2123 799 2355 875; x_wconf 90' lang='lat' dir='ltr'><em>datum,</em></span> <span class='ocrx_word' id='word_1_39' title='bbox 2402 822 2475 860; x_wconf 76' lang='lat' dir='ltr'><em>ex</em></span> <span class='ocrx_word' id='word_1_40' title='bbox 2510 823 2627 881; x_wconf 80' lang='lat' dir='ltr'><em>quo</em></span> 
     </span>
     <span class='ocr_line' id='line_1_7' title="bbox 249 911 2631 998; baseline -0.002 -20"><span class='ocrx_word' id='word_1_41' title='bbox 249 917 501 998; x_wconf 87' lang='lat' dir='ltr'><em>globum</em></span> <span class='ocrx_word' id='word_1_42' title='bbox 530 916 748 996; x_wconf 76' lang='lat' dir='ltr'><em>tetigit,</em></span> <span class='ocrx_word' id='word_1_43' title='bbox 780 914 1041 993; x_wconf 83' lang='lat' dir='ltr'><em>confecit,</em></span> <span class='ocrx_word' id='word_1_44' title='bbox 1078 914 1380 994; x_wconf 80' lang='lat' dir='ltr'><em>(quodque</em></span> <span class='ocrx_word' id='word_1_45' title='bbox 1403 913 1713 993; x_wconf 90' lang='lat' dir='ltr'><em>cycloidem</em></span> <span class='ocrx_word' id='word_1_46' title='bbox 1743 914 1841 973; x_wconf 82' lang='lat' dir='ltr'><em>vel</em></span> <span class='ocrx_word' id='word_1_47' title='bbox 1871 911 2275 992; x_wconf 79' lang='lat' dir='ltr'><em>epicycloidem</em></span> <span class='ocrx_word' id='word_1_48' title='bbox 2309 913 2631 974; x_wconf 88' lang='lat' dir='ltr'><em>nominare</em></span> 
     </span>
     <span class='ocr_line' id='line_1_8' title="bbox 261 1024 2632 1106; baseline -0.001 -18"><span class='ocrx_word' id='word_1_49' title='bbox 261 1028 429 1103; x_wconf 87' lang='lat' dir='ltr'><em>licet)</em></span> <span class='ocrx_word' id='word_1_50' title='bbox 473 1027 594 1087; x_wconf 88' lang='lat' dir='ltr'><em>erit</em></span> <span class='ocrx_word' id='word_1_51' title='bbox 618 1027 709 1087; x_wconf 90' lang='lat' dir='ltr'><em>ad</em></span> <span class='ocrx_word' id='word_1_52' title='bbox 728 1027 1108 1106; x_wconf 82' lang='lat' dir='ltr'><em>duplicatum</em></span> <span class='ocrx_word' id='word_1_53' title='bbox 1137 1026 1346 1086; x_wconf 89' lang='lat' dir='ltr'><em>sinum</em></span> <span class='ocrx_word' id='word_1_54' title='bbox 1389 1047 1629 1086; x_wconf 85' lang='lat' dir='ltr'><em>versum</em></span> <span class='ocrx_word' id='word_1_55' title='bbox 1657 1046 1840 1086; x_wconf 90' lang='lat' dir='ltr'><em>arcus</em></span> <span class='ocrx_word' id='word_1_56' title='bbox 1866 1024 2120 1084; x_wconf 84' lang='lat' dir='ltr'><em>dimidii</em></span> <span class='ocrx_word' id='word_1_57' title='bbox 2141 1025 2256 1105; x_wconf 80' lang='lat' dir='ltr'><em>qui</em></span> <span class='ocrx_word' id='word_1_58' title='bbox 2276 1025 2530 1105; x_wconf 91' lang='lat' dir='ltr'><em>globum</em></span> <span class='ocrx_word' id='word_1_59' title='bbox 2557 1047 2632 1085; x_wconf 78' lang='lat' dir='ltr'><em>ex</em></span> 
     </span>
     <span class='ocr_line' id='line_1_9' title="bbox 260 1135 2627 1219; baseline -0.003 -18"><span class='ocrx_word' id='word_1_60' title='bbox 260 1162 322 1201; x_wconf 94' lang='lat' dir='ltr'><em>eo</em></span> <span class='ocrx_word' id='word_1_61' title='bbox 372 1147 632 1219; x_wconf 78' lang='lat' dir='ltr'><em>tempore</em></span> <span class='ocrx_word' id='word_1_62' title='bbox 677 1139 844 1200; x_wconf 88' lang='lat' dir='ltr'><em>inter</em></span> <span class='ocrx_word' id='word_1_63' title='bbox 888 1138 1155 1200; x_wconf 91' lang='lat' dir='ltr'><em>eundum</em></span> <span class='ocrx_word' id='word_1_64' title='bbox 1206 1138 1416 1219; x_wconf 84' lang='lat' dir='ltr'><em>tetzgit,</em></span> <span class='ocrx_word' id='word_1_65' title='bbox 1458 1146 1533 1198; x_wconf 88' lang='lat' dir='ltr'><em>ut</em></span> <span class='ocrx_word' id='word_1_66' title='bbox 1571 1158 1813 1198; x_wconf 88' lang='lat' dir='ltr'><em>summa</em></span> <span class='ocrx_word' id='word_1_67' title='bbox 1856 1135 2301 1197; x_wconf 81' lang='lat' dir='ltr'><em>diametrorum</em></span> <span class='ocrx_word' id='word_1_68' title='bbox 2333 1135 2510 1216; x_wconf 92' lang='lat' dir='ltr'><em>globi</em></span> <span class='ocrx_word' id='word_1_69' title='bbox 2546 1137 2627 1201; x_wconf 41' lang='grc' dir='ltr'><em>ὢ,</em></span> 
     </span>
     <span class='ocr_line' id='line_1_10' title="bbox 260 1239 2413 1332; baseline -0.001 -19"><span class='ocrx_word' id='word_1_70' title='bbox 260 1260 412 1313; x_wconf 79' lang='grc' dir='ltr'><em>νοίω</em></span> <span class='ocrx_word' id='word_1_71' title='bbox 435 1252 526 1312; x_wconf 88' lang='lat' dir='ltr'><em>ad</em></span> <span class='ocrx_word' id='word_1_72' title='bbox 542 1252 1058 1315; x_wconf 73' lang='lat' dir='ltr'><em>semidiametrum</em></span> <span class='ocrx_word' id='word_1_73' title='bbox 1074 1251 1260 1332; x_wconf 90' lang='lat' dir='ltr'><em>globi.</em></span> <span class='ocrx_word' id='word_1_74' title='bbox 2408 1239 2413 1242; x_wconf 38' lang='lat'><strong>⁴</strong></span> 
     </span>
    </p>
   </div>
   <div class='ocr_carea' id='block_1_5' title="bbox 378 1510 2431 1574">
    <p class='ocr_par' dir='ltr' id='par_1_5' title="bbox 378 1510 2431 1574">
     <span class='ocr_line' id='line_1_11' title="bbox 378 1510 2431 1574; baseline -0 -2"><span class='ocrx_word' id='word_1_75' title='bbox 378 1511 1004 1574; x_wconf 89' lang='lat' dir='ltr'><strong>PROPOSITIO</strong></span> <span class='ocrx_word' id='word_1_76' title='bbox 1082 1512 1370 1572; x_wconf 90' lang='lat' dir='ltr'><strong>XLIX.</strong></span> <span class='ocrx_word' id='word_1_77' title='bbox 1493 1510 2096 1572; x_wconf 89' lang='lat' dir='ltr'>THEOREMA</span> <span class='ocrx_word' id='word_1_78' title='bbox 2177 1510 2431 1572; x_wconf 91' lang='lat' dir='ltr'><strong>XVII.</strong></span> 
     </span>
    </p>
   </div>
   <div class='ocr_carea' id='block_1_6' title="bbox 175 1669 2629 2224">
    <p class='ocr_par' dir='ltr' id='par_1_6' title="bbox 175 1669 2629 2224">
     <span class='ocr_line' id='line_1_12' title="bbox 175 1669 2626 1773; baseline 0.001 -20"><span class='ocrx_word' id='word_1_79' title='bbox 175 1692 258 1754; x_wconf 86' lang='lat' dir='ltr'><em>Si</em></span> <span class='ocrx_word' id='word_1_80' title='bbox 307 1669 460 1753; x_wconf 29' lang='lat' dir='ltr'><em>*rota</em></span> <span class='ocrx_word' id='word_1_81' title='bbox 518 1693 696 1773; x_wconf 80' lang='lat' dir='ltr'><em>globo</em></span> <span class='ocrx_word' id='word_1_82' title='bbox 752 1713 1000 1753; x_wconf 84' lang='lat' dir='ltr'><em>concavo</em></span> <span class='ocrx_word' id='word_1_83' title='bbox 1070 1692 1160 1752; x_wconf 85' lang='lat' dir='ltr'><em>ad</em></span> <span class='ocrx_word' id='word_1_84' title='bbox 1208 1700 1391 1752; x_wconf 85' lang='lat' dir='ltr'><em>rectos</em></span> <span class='ocrx_word' id='word_1_85' title='bbox 1460 1692 1718 1772; x_wconf 89' lang='lat' dir='ltr'><em>angulos</em></span> <span class='ocrx_word' id='word_1_86' title='bbox 1787 1691 2153 1751; x_wconf 87' lang='lat' dir='ltr'><em>intrinsecus</em></span> <span class='ocrx_word' id='word_1_87' title='bbox 2223 1691 2473 1751; x_wconf 74' lang='lat' dir='ltr'><em>insistat</em></span> <span class='ocrx_word' id='word_1_88' title='bbox 2546 1692 2626 1755; x_wconf 66' lang='lat'><em>&amp;³</em></span> 
     </span>
     <span class='ocr_line' id='line_1_13' title="bbox 256 1804 2628 1886; baseline -0.001 -20"><span class='ocrx_word' id='word_1_89' title='bbox 256 1805 605 1866; x_wconf 84' lang='lat' dir='ltr'><em>revolvendo</em></span> <span class='ocrx_word' id='word_1_90' title='bbox 659 1805 1113 1886; x_wconf 79' lang='lat' dir='ltr'><em>progrediatur</em></span> <span class='ocrx_word' id='word_1_91' title='bbox 1180 1805 1249 1865; x_wconf 90' lang='lat' dir='ltr'><em>in</em></span> <span class='ocrx_word' id='word_1_92' title='bbox 1319 1806 1547 1865; x_wconf 91' lang='lat' dir='ltr'><em>circulo</em></span> <span class='ocrx_word' id='word_1_93' title='bbox 1618 1805 1884 1865; x_wconf 79' lang='lat' dir='ltr'><em>maximo</em></span> <span class='ocrx_word' id='word_1_94' title='bbox 1901 1831 1925 1876; x_wconf 89' lang='lat'><em>‚·</em></span> <span class='ocrx_word' id='word_1_95' title='bbox 1998 1804 2314 1884; x_wconf 86' lang='lat' dir='ltr'><em>longitudo</em></span> <span class='ocrx_word' id='word_1_96' title='bbox 2386 1805 2628 1865; x_wconf 80' lang='lat' dir='ltr'><em>itineris</em></span> 
     </span>
     <span class='ocr_line' id='line_1_14' title="bbox 257 1916 2626 1998; baseline -0 -21"><span class='ocrx_word' id='word_1_97' title='bbox 257 1917 588 1978; x_wconf 80' lang='lat' dir='ltr'><em>curvilinei</em></span> <span class='ocrx_word' id='word_1_98' title='bbox 630 1917 797 1998; x_wconf 84' lang='lat' dir='ltr'><em>quod</em></span> <span class='ocrx_word' id='word_1_99' title='bbox 822 1926 1133 1997; x_wconf 80' lang='lat' dir='ltr'><em>punctum</em></span> <span class='ocrx_word' id='word_1_100' title='bbox 1181 1918 1432 1998; x_wconf 79' lang='lat' dir='ltr'><em>quodvis</em></span> <span class='ocrx_word' id='word_1_101' title='bbox 1475 1918 1543 1978; x_wconf 89' lang='lat' dir='ltr'><em>in</em></span> <span class='ocrx_word' id='word_1_102' title='bbox 1587 1925 1738 1977; x_wconf 80' lang='grc' dir='ltr'><em>νοίω</em></span> <span class='ocrx_word' id='word_1_103' title='bbox 1764 1918 2101 1997; x_wconf 78' lang='lat' dir='ltr'><em>perimetro</em></span> <span class='ocrx_word' id='word_1_104' title='bbox 2143 1916 2378 1991; x_wconf 87' lang='lat' dir='ltr'><em>datum,</em></span> <span class='ocrx_word' id='word_1_105' title='bbox 2411 1938 2484 1976; x_wconf 82' lang='lat' dir='ltr'><em>ex</em></span> <span class='ocrx_word' id='word_1_106' title='bbox 2509 1938 2626 1996; x_wconf 77' lang='lat' dir='ltr'><em>quo</em></span> 
     </span>
     <span class='ocr_line' id='line_1_15' title="bbox 245 2029 2628 2111; baseline 0 -21"><span class='ocrx_word' id='word_1_107' title='bbox 245 2029 499 2110; x_wconf 86' lang='lat' dir='ltr'><em>globum</em></span> <span class='ocrx_word' id='word_1_108' title='bbox 549 2030 763 2111; x_wconf 76' lang='lat' dir='ltr'><em>tetigit,</em></span> <span class='ocrx_word' id='word_1_109' title='bbox 823 2030 1087 2109; x_wconf 85' lang='lat' dir='ltr'><em>confecit,</em></span> <span class='ocrx_word' id='word_1_110' title='bbox 1136 2033 1258 2092; x_wconf 91' lang='lat' dir='ltr'><em>erit</em></span> <span class='ocrx_word' id='word_1_111' title='bbox 1304 2031 1394 2091; x_wconf 90' lang='lat' dir='ltr'><em>ad</em></span> <span class='ocrx_word' id='word_1_112' title='bbox 1441 2031 1825 2110; x_wconf 78' lang='lat' dir='ltr'><em>duplicatum</em></span> <span class='ocrx_word' id='word_1_113' title='bbox 1881 2030 2088 2091; x_wconf 87' lang='lat' dir='ltr'><em>sinum</em></span> <span class='ocrx_word' id='word_1_114' title='bbox 2147 2052 2390 2090; x_wconf 86' lang='lat' dir='ltr'><em>versum</em></span> <span class='ocrx_word' id='word_1_115' title='bbox 2445 2052 2628 2091; x_wconf 89' lang='lat' dir='ltr'><em>arcus</em></span> 
     </span>
     <span class='ocr_line' id='line_1_16' title="bbox 257 2141 2629 2224; baseline 0 -22"><span class='ocrx_word' id='word_1_116' title='bbox 257 2142 508 2203; x_wconf 88' lang='lat' dir='ltr'><em>dimidii</em></span> <span class='ocrx_word' id='word_1_117' title='bbox 556 2143 672 2223; x_wconf 78' lang='lat' dir='ltr'><em>qui</em></span> <span class='ocrx_word' id='word_1_118' title='bbox 710 2143 965 2223; x_wconf 87' lang='lat' dir='ltr'><em>globum</em></span> <span class='ocrx_word' id='word_1_119' title='bbox 1024 2151 1144 2204; x_wconf 91' lang='lat' dir='ltr'><em>toto</em></span> <span class='ocrx_word' id='word_1_120' title='bbox 1199 2144 1305 2204; x_wconf 81' lang='lat' dir='ltr'><em>lioc</em></span> <span class='ocrx_word' id='word_1_121' title='bbox 1376 2151 1636 2223; x_wconf 76' lang='lat' dir='ltr'><em>tempore</em></span> <span class='ocrx_word' id='word_1_122' title='bbox 1690 2143 1858 2203; x_wconf 90' lang='lat' dir='ltr'><em>inter</em></span> <span class='ocrx_word' id='word_1_123' title='bbox 1925 2141 2191 2202; x_wconf 90' lang='lat' dir='ltr'><em>eundum</em></span> <span class='ocrx_word' id='word_1_124' title='bbox 2264 2143 2479 2224; x_wconf 75' lang='lat' dir='ltr'><em>tetigit,</em></span> <span class='ocrx_word' id='word_1_125' title='bbox 2555 2152 2629 2203; x_wconf 85' lang='lat' dir='ltr'><em>ut</em></span> 
     </span>
    </p>
   </div>
   <div class='ocr_carea' id='block_1_7' title="bbox 0 2156 412 4244">
    <p class='ocr_par' dir='ltr' id='par_1_7' title="bbox 0 2156 412 4244">
     <span class='ocr_line' id='line_1_17' title="bbox 0 2156 122 2569; baseline 0 0"><span class='ocrx_word' id='word_1_126' title='bbox 0 2156 122 2569; x_wconf 95' lang='lat' dir='ltr'><em>    </em></span> 
     </span>
     <span class='ocr_line' id='line_1_18' title="bbox 0 2569 146 2858; baseline 0 -94"><span class='ocrx_word' id='word_1_127' title='bbox 0 2569 146 2858; x_wconf 95' lang='lat' dir='ltr'><em>   </em></span> 
     </span>
     <span class='ocr_line' id='line_1_19' title="bbox 0 2858 158 3054; baseline 0 0"><span class='ocrx_word' id='word_1_128' title='bbox 0 2858 158 3054; x_wconf 95' lang='lat' dir='ltr'><em>  </em></span> 
     </span>
     <span class='ocr_line' id='line_1_20' title="bbox 0 3054 168 3164; baseline 0 1086"><span class='ocrx_word' id='word_1_129' title='bbox 0 3054 168 3164; x_wconf 95' lang='lat' dir='ltr'><em> </em></span> 
     </span>
     <span class='ocr_line' id='line_1_21' title="bbox 0 3164 324 3453; baseline 0 -94"><span class='ocrx_word' id='word_1_130' title='bbox 0 3164 324 3453; x_wconf 95' lang='lat' dir='ltr'><em>   </em></span> 
     </span>
     <span class='ocr_line' id='line_1_22' title="bbox 0 3479 412 4244; baseline 0 -304"><span class='ocrx_word' id='word_1_131' title='bbox 0 3479 412 4244; x_wconf 95' lang='lat' dir='ltr'><em>     </em></span> 
     </span>
    </p>
   </div>
   <div class='ocr_carea' id='block_1_8' title="bbox 254 2253 2414 2338">
    <p class='ocr_par' dir='ltr' id='par_1_8' title="bbox 254 2253 2414 2338">
     <span class='ocr_line' id='line_1_23' title="bbox 254 2253 2414 2338; baseline 0.001 -24"><span class='ocrx_word' id='word_1_132' title='bbox 254 2253 599 2336; x_wconf 51' lang='lat' dir='ltr'><em>differentia</em></span> <span class='ocrx_word' id='word_1_133' title='bbox 626 2254 1073 2316; x_wconf 89' lang='lat' dir='ltr'><em>diametrorum</em></span> <span class='ocrx_word' id='word_1_134' title='bbox 1090 2257 1267 2338; x_wconf 90' lang='lat' dir='ltr'><em>globi</em></span> <span class='ocrx_word' id='word_1_135' title='bbox 1295 2257 1376 2323; x_wconf 57' lang='grc' dir='ltr'><em>εἴτ</em></span> <span class='ocrx_word' id='word_1_136' title='bbox 1405 2263 1557 2317; x_wconf 80' lang='grc' dir='ltr'><em>νοίω</em></span> <span class='ocrx_word' id='word_1_137' title='bbox 1581 2256 1671 2316; x_wconf 86' lang='lat' dir='ltr'><em>ad</em></span> <span class='ocrx_word' id='word_1_138' title='bbox 1690 2254 2210 2316; x_wconf 86' lang='lat' dir='ltr'><em>semidiametrum</em></span> <span class='ocrx_word' id='word_1_139' title='bbox 2229 2257 2414 2336; x_wconf 89' lang='lat' dir='ltr'><em>globi.</em></span> 
     </span>
    </p>
   </div>
   <div class='ocr_carea' id='block_1_9' title="bbox 106 2443 2628 3120">
    <p class='ocr_par' dir='ltr' id='par_1_9' title="bbox 106 2443 2628 3120">
     <span class='ocr_line' id='line_1_24' title="bbox 285 2443 2628 2527; baseline 0.002 -20"><span class='ocrx_word' id='word_1_140' title='bbox 285 2446 387 2507; x_wconf 92' lang='lat' dir='ltr'><em>Sit</em></span> <span class='ocrx_word' id='word_1_141' title='bbox 429 2446 588 2506; x_wconf 85' lang='lat' dir='ltr'><em>AB</em></span> <span class='ocrx_word' id='word_1_142' title='bbox 603 2446 663 2506; x_wconf 91' lang='lat' dir='ltr'><em>L</em></span> <span class='ocrx_word' id='word_1_143' title='bbox 712 2443 955 2527; x_wconf 85' lang='lat' dir='ltr'><em>globuS,</em></span> <span class='ocrx_word' id='word_1_144' title='bbox 1008 2444 1066 2505; x_wconf 86' lang='lat' dir='ltr'><em>C</em></span> <span class='ocrx_word' id='word_1_145' title='bbox 1105 2457 1385 2505; x_wconf 88' lang='lat' dir='ltr'><em>centrum</em></span> <span class='ocrx_word' id='word_1_146' title='bbox 1438 2447 1588 2527; x_wconf 80' lang='lat' dir='ltr'><em>ejuS,</em></span> <span class='ocrx_word' id='word_1_147' title='bbox 1637 2446 1783 2505; x_wconf 89' lang='lat' dir='ltr'><em>BP</em></span> <span class='ocrx_word' id='word_1_148' title='bbox 1817 2445 1880 2504; x_wconf 91' lang='lat' dir='ltr'><em>V</em></span> <span class='ocrx_word' id='word_1_149' title='bbox 1915 2459 2050 2507; x_wconf 81' lang='lat' dir='ltr'><em>rota</em></span> <span class='ocrx_word' id='word_1_150' title='bbox 2097 2448 2152 2508; x_wconf 91' lang='lat' dir='ltr'><em>ei</em></span> <span class='ocrx_word' id='word_1_151' title='bbox 2203 2448 2509 2522; x_wconf 84' lang='lat' dir='ltr'><em>insistenS,</em></span> <span class='ocrx_word' id='word_1_152' title='bbox 2558 2452 2628 2510; x_wconf 88' lang='lat' dir='ltr'><em>E</em></span> 
     </span>
     <span class='ocr_line' id='line_1_25' title="bbox 106 2543 2624 2623; baseline 0.002 -19"><span class='ocrx_word' id='word_1_153' title='bbox 106 2551 117 2563; x_wconf 70' lang='grc'><em>”’</em></span> <span class='ocrx_word' id='word_1_154' title='bbox 171 2555 452 2605; x_wconf 86' lang='lat' dir='ltr'><em>centrum</em></span> <span class='ocrx_word' id='word_1_155' title='bbox 510 2555 679 2615; x_wconf 85' lang='lat' dir='ltr'><em>rotae,</em></span> <span class='ocrx_word' id='word_1_156' title='bbox 738 2543 806 2603; x_wconf 91' lang='lat' dir='ltr'><em>B</em></span> <span class='ocrx_word' id='word_1_157' title='bbox 875 2555 1173 2623; x_wconf 90' lang='lat' dir='ltr'><em>punctum</em></span> <span class='ocrx_word' id='word_1_158' title='bbox 1247 2556 1584 2615; x_wconf 82' lang='lat' dir='ltr'><em>contactuS‚</em></span> <span class='ocrx_word' id='word_1_159' title='bbox 1647 2543 1708 2604; x_wconf 87' lang='lat'>&amp;</span> <span class='ocrx_word' id='word_1_160' title='bbox 1764 2545 1829 2603; x_wconf 95' lang='lat' dir='ltr'><em>P</em></span> <span class='ocrx_word' id='word_1_161' title='bbox 1899 2558 2198 2623; x_wconf 91' lang='lat' dir='ltr'><em>punctum</em></span> <span class='ocrx_word' id='word_1_162' title='bbox 2273 2547 2488 2607; x_wconf 84' lang='lat' dir='ltr'><em>datum</em></span> <span class='ocrx_word' id='word_1_163' title='bbox 2563 2548 2624 2608; x_wconf 92' lang='lat' dir='ltr'><em>in</em></span> 
     </span>
     <span class='ocr_line' id='line_1_26' title="bbox 107 2638 2625 2723; baseline 0.002 -22"><span class='ocrx_word' id='word_1_164' title='bbox 107 2638 109 2642; x_wconf 43' lang='lat'><strong><em>⁴</em></strong></span> <span class='ocrx_word' id='word_1_165' title='bbox 172 2639 508 2721; x_wconf 89' lang='lat' dir='ltr'><em>perimetro</em></span> <span class='ocrx_word' id='word_1_166' title='bbox 558 2652 728 2702; x_wconf 89' lang='lat' dir='ltr'><em>rotae.</em></span> <span class='ocrx_word' id='word_1_167' title='bbox 851 2641 1129 2720; x_wconf 85' lang='lat' dir='ltr'><em>Concipe</em></span> <span class='ocrx_word' id='word_1_168' title='bbox 1180 2640 1340 2702; x_wconf 88' lang='lat' dir='ltr'><em>hanc</em></span> <span class='ocrx_word' id='word_1_169' title='bbox 1392 2654 1591 2703; x_wconf 82' lang='lat' dir='ltr'><em>rotam</em></span> <span class='ocrx_word' id='word_1_170' title='bbox 1639 2663 1900 2723; x_wconf 85' lang='lat' dir='ltr'><em>pergere</em></span> <span class='ocrx_word' id='word_1_171' title='bbox 1953 2642 2014 2702; x_wconf 93' lang='lat' dir='ltr'><em>in</em></span> <span class='ocrx_word' id='word_1_172' title='bbox 2067 2642 2292 2704; x_wconf 91' lang='lat' dir='ltr'><em>circulo</em></span> <span class='ocrx_word' id='word_1_173' title='bbox 2352 2645 2625 2706; x_wconf 83' lang='lat' dir='ltr'><em>maximo</em></span> 
     </span>
     <span class='ocr_line' id='line_1_27' title="bbox 119 2737 2624 2818; baseline 0.002 -20"><span class='ocrx_word' id='word_1_174' title='bbox 119 2737 244 2816; x_wconf 44' lang='grc' dir='ltr'><em>ᾗΑ</em></span> <span class='ocrx_word' id='word_1_175' title='bbox 258 2737 332 2799; x_wconf 83' lang='grc' dir='ltr'><em>’Β</em></span> <span class='ocrx_word' id='word_1_176' title='bbox 346 2737 409 2798; x_wconf 86' lang='lat' dir='ltr'><em>L</em></span> <span class='ocrx_word' id='word_1_177' title='bbox 453 2737 535 2798; x_wconf 89' lang='lat' dir='ltr'><em>ab</em></span> <span class='ocrx_word' id='word_1_178' title='bbox 562 2738 632 2799; x_wconf 90' lang='lat' dir='ltr'><em>A</em></span> <span class='ocrx_word' id='word_1_179' title='bbox 681 2759 796 2818; x_wconf 90' lang='lat' dir='ltr'><em>per</em></span> <span class='ocrx_word' id='word_1_180' title='bbox 835 2738 902 2798; x_wconf 90' lang='lat' dir='ltr'><em>B</em></span> <span class='ocrx_word' id='word_1_181' title='bbox 943 2760 1164 2800; x_wconf 87' lang='lat' dir='ltr'><em>versus</em></span> <span class='ocrx_word' id='word_1_182' title='bbox 1207 2741 1287 2812; x_wconf 88' lang='lat' dir='ltr'><em>L,</em></span> <span class='ocrx_word' id='word_1_183' title='bbox 1336 2739 1397 2800; x_wconf 88' lang='lat'>&amp;</span> <span class='ocrx_word' id='word_1_184' title='bbox 1441 2740 1602 2800; x_wconf 92' lang='lat' dir='ltr'><em>inter</em></span> <span class='ocrx_word' id='word_1_185' title='bbox 1644 2740 1918 2801; x_wconf 91' lang='lat' dir='ltr'><em>eundum</em></span> <span class='ocrx_word' id='word_1_186' title='bbox 1964 2740 2050 2801; x_wconf 85' lang='lat' dir='ltr'><em>ita</em></span> <span class='ocrx_word' id='word_1_187' title='bbox 2080 2740 2316 2803; x_wconf 87' lang='lat' dir='ltr'><em>revolvi</em></span> <span class='ocrx_word' id='word_1_188' title='bbox 2348 2755 2418 2803; x_wconf 90' lang='lat' dir='ltr'><em>ut</em></span> <span class='ocrx_word' id='word_1_189' title='bbox 2446 2765 2624 2805; x_wconf 85' lang='lat' dir='ltr'><em>arcus</em></span> 
     </span>
     <span class='ocr_line' id='line_1_28' title="bbox 141 2833 2622 2921; baseline 0.003 -25.93"><span class='ocrx_word' id='word_1_190' title='bbox 141 2870 146 2875; x_wconf 93' lang='lat'>·</span> <span class='ocrx_word' id='word_1_191' title='bbox 172 2833 346 2907; x_wconf 86' lang='lat' dir='ltr'><em>AB,</em></span> <span class='ocrx_word' id='word_1_192' title='bbox 374 2835 521 2896; x_wconf 89' lang='lat' dir='ltr'><em>PB</em></span> <span class='ocrx_word' id='word_1_193' title='bbox 553 2834 672 2896; x_wconf 90' lang='lat' dir='ltr'>sibi</span> <span class='ocrx_word' id='word_1_194' title='bbox 716 2835 984 2897; x_wconf 91' lang='lat' dir='ltr'><em>invicem</em></span> <span class='ocrx_word' id='word_1_195' title='bbox 1028 2859 1279 2918; x_wconf 88' lang='lat' dir='ltr'><em>semper</em></span> <span class='ocrx_word' id='word_1_196' title='bbox 1320 2852 1663 2921; x_wconf 83' lang='lat' dir='ltr'><em>aequentur,</em></span> <span class='ocrx_word' id='word_1_197' title='bbox 1696 2851 1885 2919; x_wconf 86' lang='lat' dir='ltr'><em>atque</em></span> <span class='ocrx_word' id='word_1_198' title='bbox 1929 2853 2228 2919; x_wconf 92' lang='lat' dir='ltr'><em>punctum</em></span> <span class='ocrx_word' id='word_1_199' title='bbox 2260 2839 2410 2901; x_wconf 89' lang='lat' dir='ltr'><em>illud</em></span> <span class='ocrx_word' id='word_1_200' title='bbox 2453 2843 2518 2901; x_wconf 96' lang='lat' dir='ltr'><em>P</em></span> <span class='ocrx_word' id='word_1_201' title='bbox 2561 2843 2622 2902; x_wconf 94' lang='lat' dir='ltr'><em>in</em></span> 
     </span>
     <span class='ocr_line' id='line_1_29' title="bbox 126 2932 2626 3014; baseline 0.002 -18.962"><span class='ocrx_word' id='word_1_202' title='bbox 110 2925 508 3018; x_wconf 56' lang='lat' dir='ltr'><em>*perimetro</em></span> <span class='ocrx_word' id='word_1_203' title='bbox 537 2945 692 2996; x_wconf 83' lang='lat' dir='ltr'><em>rotae</em></span> <span class='ocrx_word' id='word_1_204' title='bbox 721 2933 939 2996; x_wconf 86' lang='lat' dir='ltr'><em>datum</em></span> <span class='ocrx_word' id='word_1_205' title='bbox 969 2933 1208 2997; x_wconf 87' lang='lat' dir='ltr'><em>interea</em></span> <span class='ocrx_word' id='word_1_206' title='bbox 1235 2936 1586 2997; x_wconf 89' lang='lat' dir='ltr'><em>describere</em></span> <span class='ocrx_word' id='word_1_207' title='bbox 1615 2936 1783 2997; x_wconf 84' lang='lat' dir='ltr'><em>viam</em></span> <span class='ocrx_word' id='word_1_208' title='bbox 1815 2935 2217 2998; x_wconf 84' lang='lat' dir='ltr'><em>curvilineam</em></span> <span class='ocrx_word' id='word_1_209' title='bbox 2246 2939 2315 2998; x_wconf 86' lang='lat' dir='ltr'><em>A</em></span> <span class='ocrx_word' id='word_1_210' title='bbox 2338 2940 2417 3000; x_wconf 92' lang='grc' dir='ltr'><em>Ρ.</em></span> <span class='ocrx_word' id='word_1_211' title='bbox 2526 2939 2626 3001; x_wconf 90' lang='lat' dir='ltr'><em>Sit</em></span> 
     </span>
     <span class='ocr_line' id='line_1_30' title="bbox 132 3031 2624 3120; baseline 0.002 -27"><span class='ocrx_word' id='word_1_212' title='bbox 132 3042 383 3107; x_wconf 46' lang='grc' dir='ltr'>,ιιιῐειιι</span> <span class='ocrx_word' id='word_1_213' title='bbox 408 3032 479 3094; x_wconf 93' lang='grc' dir='ltr'><em>Α</em></span> <span class='ocrx_word' id='word_1_214' title='bbox 500 3032 567 3093; x_wconf 93' lang='grc' dir='ltr'><em>Ρ</em></span> <span class='ocrx_word' id='word_1_215' title='bbox 592 3032 698 3094; x_wconf 86' lang='lat' dir='ltr'><em>via</em></span> <span class='ocrx_word' id='word_1_216' title='bbox 725 3044 859 3094; x_wconf 85' lang='lat' dir='ltr'><em>tota</em></span> <span class='ocrx_word' id='word_1_217' title='bbox 901 3031 1239 3095; x_wconf 84' lang='lat' dir='ltr'><em>curvilinea</em></span> <span class='ocrx_word' id='word_1_218' title='bbox 1267 3033 1579 3114; x_wconf 83' lang='lat' dir='ltr'><em>descripta</em></span> <span class='ocrx_word' id='word_1_219' title='bbox 1608 3054 1690 3095; x_wconf 87' lang='lat' dir='ltr'><em>ex</em></span> <span class='ocrx_word' id='word_1_220' title='bbox 1721 3056 1847 3115; x_wconf 93' lang='lat' dir='ltr'><em>quo</em></span> <span class='ocrx_word' id='word_1_221' title='bbox 1876 3047 2012 3097; x_wconf 84' lang='lat' dir='ltr'><em>rota</em></span> <span class='ocrx_word' id='word_1_222' title='bbox 2038 3035 2296 3118; x_wconf 90' lang='lat' dir='ltr'><em>globum</em></span> <span class='ocrx_word' id='word_1_223' title='bbox 2327 3038 2532 3120; x_wconf 87' lang='lat' dir='ltr'><em>tetigit</em></span> <span class='ocrx_word' id='word_1_224' title='bbox 2562 3039 2624 3099; x_wconf 93' lang='lat' dir='ltr'><em>in</em></span> 
     </span>
    </p>
   </div>
   <div class='ocr_carea' id='block_1_10' title="bbox 132 3128 2622 3264">
    <p class='ocr_par' dir='ltr' id='par_1_10' title="bbox 132 3128 2622 3264">
     <span class='ocr_line' id='line_1_31' title="bbox 132 3128 2622 3264; baseline 0.003 -75"><span class='ocrx_word' id='word_1_225' title='bbox 132 3128 243 3264; x_wconf 39' lang='grc' dir='ltr'><em>ἒᾈ</em></span> <span class='ocrx_word' id='word_1_226' title='bbox 236 3130 356 3204; x_wconf 69' lang='lat'><em>,81</em></span> <span class='ocrx_word' id='word_1_227' title='bbox 382 3131 502 3193; x_wconf 89' lang='lat' dir='ltr'><em>erit</em></span> <span class='ocrx_word' id='word_1_228' title='bbox 527 3131 650 3193; x_wconf 86' lang='lat' dir='ltr'><em>viae</em></span> <span class='ocrx_word' id='word_1_229' title='bbox 678 3131 862 3214; x_wconf 88' lang='lat' dir='ltr'><em>hujus</em></span> <span class='ocrx_word' id='word_1_230' title='bbox 904 3129 1231 3215; x_wconf 88' lang='lat' dir='ltr'><em>longitudo</em></span> <span class='ocrx_word' id='word_1_231' title='bbox 1272 3134 1342 3195; x_wconf 88' lang='lat' dir='ltr'><em>A</em></span> <span class='ocrx_word' id='word_1_232' title='bbox 1365 3134 1431 3195; x_wconf 90' lang='grc' dir='ltr'><em>Ρ</em></span> <span class='ocrx_word' id='word_1_233' title='bbox 1471 3134 1553 3194; x_wconf 89' lang='lat' dir='ltr'><em>ad</em></span> <span class='ocrx_word' id='word_1_234' title='bbox 1597 3132 1856 3215; x_wconf 91' lang='lat' dir='ltr'><em>duplum</em></span> <span class='ocrx_word' id='word_1_235' title='bbox 1902 3135 2106 3195; x_wconf 89' lang='lat' dir='ltr'><em>sinum</em></span> <span class='ocrx_word' id='word_1_236' title='bbox 2149 3157 2401 3197; x_wconf 88' lang='lat' dir='ltr'><em>versum</em></span> <span class='ocrx_word' id='word_1_237' title='bbox 2445 3158 2622 3197; x_wconf 83' lang='lat' dir='ltr'><em>arcus</em></span> 
     </span>
    </p>
   </div>
   <div class='ocr_carea' id='block_1_11' title="bbox 163 3229 2622 3813">
    <p class='ocr_par' dir='ltr' id='par_1_11' title="bbox 163 3229 2622 3813">
     <span class='ocr_line' id='line_1_32' title="bbox 185 3229 2620 3345; baseline 0.002 -54.139"><span class='ocrx_word' id='word_1_238' title='bbox 185 3229 413 3307; x_wconf 91' lang='lat' dir='ltr'><em>PB,</em></span> <span class='ocrx_word' id='word_1_239' title='bbox 460 3242 532 3292; x_wconf 91' lang='lat' dir='ltr'><em>ut</em></span> <span class='ocrx_word' id='word_1_240' title='bbox 583 3250 616 3291; x_wconf 89' lang='lat'>2</span> <span class='ocrx_word' id='word_1_241' title='bbox 656 3230 714 3292; x_wconf 84' lang='lat' dir='ltr'><em>C</em></span> <span class='ocrx_word' id='word_1_242' title='bbox 723 3230 795 3291; x_wconf 90' lang='lat' dir='ltr'><em>E</em></span> <span class='ocrx_word' id='word_1_243' title='bbox 836 3230 918 3291; x_wconf 88' lang='lat' dir='ltr'><em>ad</em></span> <span class='ocrx_word' id='word_1_244' title='bbox 970 3231 1116 3294; x_wconf 90' lang='lat' dir='ltr'><em>CB.</em></span> <span class='ocrx_word' id='word_1_245' title='bbox 1210 3231 1380 3292; x_wconf 85' lang='lat' dir='ltr'><em>Nam</em></span> <span class='ocrx_word' id='word_1_246' title='bbox 1426 3245 1597 3294; x_wconf 88' lang='lat' dir='ltr'><em>recta</em></span> <span class='ocrx_word' id='word_1_247' title='bbox 1646 3233 1704 3294; x_wconf 84' lang='lat' dir='ltr'><em>C</em></span> <span class='ocrx_word' id='word_1_248' title='bbox 1718 3234 1788 3293; x_wconf 92' lang='lat' dir='ltr'><em>E</em></span> <span class='ocrx_word' id='word_1_249' title='bbox 1834 3233 1909 3316; x_wconf 88' lang='lat' dir='ltr'><em>(si</em></span> <span class='ocrx_word' id='word_1_250' title='bbox 1953 3255 2112 3314; x_wconf 92' lang='lat' dir='ltr'><em>opus</em></span> <span class='ocrx_word' id='word_1_251' title='bbox 2156 3246 2253 3295; x_wconf 89' lang='lat' dir='ltr'><em>est</em></span> <span class='ocrx_word' id='word_1_252' title='bbox 2294 3235 2620 3345; x_wconf 82' lang='lat' dir='ltr'><em>producta)</em></span> 
     </span>
     <span class='ocr_line' id='line_1_33' title="bbox 324 3329 2622 3412; baseline 0.001 -21.814"><span class='ocrx_word' id='word_1_253' title='bbox 324 3340 451 3390; x_wconf 88' lang='lat' dir='ltr'><em>rrat</em></span> <span class='ocrx_word' id='word_1_254' title='bbox 495 3341 649 3391; x_wconf 87' lang='lat' dir='ltr'><em>rotae</em></span> <span class='ocrx_word' id='word_1_255' title='bbox 694 3329 758 3390; x_wconf 89' lang='lat' dir='ltr'><em>in</em></span> <span class='ocrx_word' id='word_1_256' title='bbox 821 3329 891 3402; x_wconf 93' lang='lat' dir='ltr'><em>V,</em></span> <span class='ocrx_word' id='word_1_257' title='bbox 930 3329 1400 3412; x_wconf 86' lang='lat' dir='ltr'><em>junganturque</em></span> <span class='ocrx_word' id='word_1_258' title='bbox 1450 3330 1596 3404; x_wconf 85' lang='lat' dir='ltr'><em>CP,</em></span> <span class='ocrx_word' id='word_1_259' title='bbox 1627 3331 1786 3405; x_wconf 90' lang='lat' dir='ltr'><em>BP,</em></span> <span class='ocrx_word' id='word_1_260' title='bbox 1831 3332 1994 3405; x_wconf 86' lang='grc' dir='ltr'><em>ΕΡ,</em></span> <span class='ocrx_word' id='word_1_261' title='bbox 2059 3332 2208 3405; x_wconf 91' lang='lat' dir='ltr'><em>VP,</em></span> <span class='ocrx_word' id='word_1_262' title='bbox 2259 3332 2321 3393; x_wconf 84' lang='lat'>&amp;</span> <span class='ocrx_word' id='word_1_263' title='bbox 2371 3332 2434 3393; x_wconf 95' lang='lat' dir='ltr'><em>in</em></span> <span class='ocrx_word' id='word_1_264' title='bbox 2490 3333 2622 3393; x_wconf 85' lang='lat' dir='ltr'><em>CP</em></span> 
     </span>
     <span class='ocr_line' id='line_1_34' title="bbox 163 3415 2620 3511; baseline 0.002 -24"><span class='ocrx_word' id='word_1_265' title='bbox 163 3418 170 3428; x_wconf 56' lang='lat'>⁸</span> <span class='ocrx_word' id='word_1_266' title='bbox 206 3415 209 3417; x_wconf 64' lang='lat'>‚</span> <span class='ocrx_word' id='word_1_267' title='bbox 298 3437 538 3488; x_wconf 82' lang='lat' dir='ltr'><em>uctam</em></span> <span class='ocrx_word' id='word_1_268' title='bbox 565 3425 931 3489; x_wconf 81' lang='lat' dir='ltr'><em>demittatur</em></span> <span class='ocrx_word' id='word_1_269' title='bbox 972 3426 1268 3489; x_wconf 89' lang='lat' dir='ltr'><em>normalis</em></span> <span class='ocrx_word' id='word_1_270' title='bbox 1327 3428 1392 3488; x_wconf 93' lang='lat' dir='ltr'><em>V</em></span> <span class='ocrx_word' id='word_1_271' title='bbox 1397 3429 1487 3490; x_wconf 90' lang='lat' dir='ltr'><em>F</em></span> <span class='ocrx_word' id='word_1_272' title='bbox 1597 3428 1896 3511; x_wconf 86' lang='lat' dir='ltr'><em>Tangant</em></span> <span class='ocrx_word' id='word_1_273' title='bbox 1921 3430 1987 3490; x_wconf 95' lang='lat' dir='ltr'><em>P</em></span> <span class='ocrx_word' id='word_1_274' title='bbox 2005 3429 2100 3503; x_wconf 89' lang='lat' dir='ltr'><em>H</em></span> <span class='ocrx_word' id='word_1_275' title='bbox 2148 3431 2307 3491; x_wconf 92' lang='lat' dir='ltr'><em>VH</em></span> <span class='ocrx_word' id='word_1_276' title='bbox 2326 3427 2620 3492; x_wconf 89' lang='lat' dir='ltr'><em>circulum</em></span> 
     </span>
     <span class='ocr_line' id='line_1_35' title="bbox 175 3522 2620 3608; baseline 0.001 -22.066"><span class='ocrx_word' id='word_1_277' title='bbox 175 3522 347 3606; x_wconf 78' lang='lat' dir='ltr'><em>,P</em></span> <span class='ocrx_word' id='word_1_278' title='bbox 369 3522 433 3586; x_wconf 87' lang='lat'>&amp;</span> <span class='ocrx_word' id='word_1_279' title='bbox 475 3524 541 3586; x_wconf 92' lang='lat' dir='ltr'><em>V</em></span> <span class='ocrx_word' id='word_1_280' title='bbox 572 3538 1008 3588; x_wconf 88' lang='lat' dir='ltr'><em>concurrentes</em></span> <span class='ocrx_word' id='word_1_281' title='bbox 1053 3525 1119 3587; x_wconf 91' lang='lat' dir='ltr'><em>in-</em></span> <span class='ocrx_word' id='word_1_282' title='bbox 1159 3526 1252 3599; x_wconf 88' lang='lat' dir='ltr'><em>H,</em></span> <span class='ocrx_word' id='word_1_283' title='bbox 1305 3539 1602 3607; x_wconf 87' lang='lat' dir='ltr'><em>secetque</em></span> <span class='ocrx_word' id='word_1_284' title='bbox 1642 3527 1708 3588; x_wconf 94' lang='lat' dir='ltr'><em>P</em></span> <span class='ocrx_word' id='word_1_285' title='bbox 1734 3527 1873 3588; x_wconf 93' lang='lat' dir='ltr'><em>H</em></span> <span class='ocrx_word' id='word_1_286' title='bbox 1857 3547 2056 3608; x_wconf 77' lang='lat' dir='ltr'><em>ipsam</em></span> <span class='ocrx_word' id='word_1_287' title='bbox 2123 3528 2189 3589; x_wconf 93' lang='lat' dir='ltr'><em>V</em></span> <span class='ocrx_word' id='word_1_288' title='bbox 2205 3529 2326 3589; x_wconf 81' lang='lat' dir='ltr'><em>F·</em></span> <span class='ocrx_word' id='word_1_289' title='bbox 2310 3549 2373 3589; x_wconf 90' lang='lat' dir='ltr'><em>1n</em></span> <span class='ocrx_word' id='word_1_290' title='bbox 2436 3528 2510 3600; x_wconf 83' lang='lat' dir='ltr'><em>G,</em></span> <span class='ocrx_word' id='word_1_291' title='bbox 2558 3527 2620 3588; x_wconf 77' lang='grc' dir='ltr'><em>8ῑ</em></span> 
     </span>
     <span class='ocr_line' id='line_1_36' title="bbox 233 3619 2620 3698; baseline 0.002 -15.136"><span class='ocrx_word' id='word_1_292' title='bbox 233 3619 367 3682; x_wconf 97' lang='lat' dir='ltr'><em>V</em></span> <span class='ocrx_word' id='word_1_293' title='bbox 368 3621 436 3684; x_wconf 80' lang='lat' dir='ltr'><strong><em>P</em></strong></span> <span class='ocrx_word' id='word_1_294' title='bbox 460 3621 867 3685; x_wconf 85' lang='lat' dir='ltr'><em>demittantur</em></span> <span class='ocrx_word' id='word_1_295' title='bbox 894 3622 1203 3687; x_wconf 83' lang='lat' dir='ltr'><em>normales</em></span> <span class='ocrx_word' id='word_1_296' title='bbox 1237 3623 1362 3698; x_wconf 82' lang='lat' dir='ltr'><em>GJ,</em></span> <span class='ocrx_word' id='word_1_297' title='bbox 1392 3625 1578 3686; x_wconf 88' lang='lat' dir='ltr'><em>HK</em></span> <span class='ocrx_word' id='word_1_298' title='bbox 1671 3624 1909 3688; x_wconf 70' lang='lat' dir='ltr'><em>Centro</em></span> <span class='ocrx_word' id='word_1_299' title='bbox 1938 3626 2087 3688; x_wconf 92' lang='lat' dir='ltr'><em>item</em></span> <span class='ocrx_word' id='word_1_300' title='bbox 2123 3627 2182 3688; x_wconf 89' lang='lat' dir='ltr'><em>C</em></span> <span class='ocrx_word' id='word_1_301' title='bbox 2203 3625 2266 3689; x_wconf 84' lang='lat'>&amp;</span> <span class='ocrx_word' id='word_1_302' title='bbox 2294 3625 2620 3688; x_wconf 87' lang='lat' dir='ltr'><em>intervallo</em></span> 
     </span>
     <span class='ocr_line' id='line_1_37' title="bbox 184 3707 2616 3813; baseline -0 -30"><span class='ocrx_word' id='word_1_303' title='bbox 184 3707 288 3813; x_wconf 33' lang='lat' dir='ltr'><em>ff-‘fsss</em></span> <span class='ocrx_word' id='word_1_304' title='bbox 331 3718 388 3789; x_wconf 80' lang='grc'><em>,”</em></span> <span class='ocrx_word' id='word_1_305' title='bbox 454 3719 841 3784; x_wconf 76' lang='lat' dir='ltr'><em>describatur</em></span> <span class='ocrx_word' id='word_1_306' title='bbox 894 3721 1156 3786; x_wconf 86' lang='lat' dir='ltr'><em>circulus</em></span> <span class='ocrx_word' id='word_1_307' title='bbox 1211 3742 1394 3784; x_wconf 83' lang='lat' dir='ltr'><em>nom</em></span> <span class='ocrx_word' id='word_1_308' title='bbox 1449 3743 1670 3785; x_wconf 81' lang='lat' dir='ltr'><em>secans</em></span> <span class='ocrx_word' id='word_1_309' title='bbox 1725 3735 1959 3786; x_wconf 84' lang='lat' dir='ltr'><em>rectam</em></span> <span class='ocrx_word' id='word_1_310' title='bbox 2021 3723 2080 3784; x_wconf 89' lang='lat' dir='ltr'><em>C</em></span> <span class='ocrx_word' id='word_1_311' title='bbox 2088 3723 2155 3784; x_wconf 95' lang='lat' dir='ltr'><em>P</em></span> <span class='ocrx_word' id='word_1_312' title='bbox 2223 3722 2287 3783; x_wconf 88' lang='lat' dir='ltr'><em>in</em></span> <span class='ocrx_word' id='word_1_313' title='bbox 2343 3744 2404 3795; x_wconf 87' lang='lat' dir='ltr'><em>n,</em></span> <span class='ocrx_word' id='word_1_314' title='bbox 2463 3733 2616 3783; x_wconf 85' lang='lat' dir='ltr'><em>rotae</em></span> 
     </span>
    </p>
   </div>
   <div class='ocr_carea' id='block_1_12' title="bbox 389 3817 2618 3964">
    <p class='ocr_par' dir='ltr' id='par_1_12' title="bbox 195 3792 2618 3964">
     <span class='ocr_line' id='line_1_38' title="bbox 389 3817 2618 3899; baseline -0 -20.08"><span class='ocrx_word' id='word_1_315' title='bbox 389 3829 575 3880; x_wconf 83' lang='lat' dir='ltr'><em>trum</em></span> <span class='ocrx_word' id='word_1_316' title='bbox 624 3817 772 3881; x_wconf 89' lang='lat' dir='ltr'><em>BP</em></span> <span class='ocrx_word' id='word_1_317' title='bbox 812 3819 875 3881; x_wconf 83' lang='lat' dir='ltr'><em>in</em></span> <span class='ocrx_word' id='word_1_318' title='bbox 925 3841 975 3895; x_wconf 86' lang='lat' dir='ltr'><em>o,</em></span> <span class='ocrx_word' id='word_1_319' title='bbox 1028 3819 1091 3883; x_wconf 83' lang='lat'>&amp;</span> <span class='ocrx_word' id='word_1_320' title='bbox 1136 3820 1308 3883; x_wconf 82' lang='lat' dir='ltr'><em>viam</em></span> <span class='ocrx_word' id='word_1_321' title='bbox 1357 3819 1759 3883; x_wconf 87' lang='lat' dir='ltr'><em>curvilineam</em></span> <span class='ocrx_word' id='word_1_322' title='bbox 1808 3821 1980 3882; x_wconf 89' lang='grc' dir='ltr'><em>ΑΡ</em></span> <span class='ocrx_word' id='word_1_323' title='bbox 2007 3820 2070 3882; x_wconf 91' lang='lat' dir='ltr'><em>in</em></span> <span class='ocrx_word' id='word_1_324' title='bbox 2121 3841 2226 3891; x_wconf 82' lang='lat' dir='ltr'><em>m,·</em></span> <span class='ocrx_word' id='word_1_325' title='bbox 2280 3830 2618 3899; x_wconf 79' lang='lat' dir='ltr'><em>centroque</em></span> 
     </span>
     <span class='ocr_line' id='line_1_39' title="bbox 1374 3922 1421 3964; baseline 0 0"><span class='ocrx_word' id='word_1_326' title='bbox 1374 3922 1421 3964; x_wconf 80' lang='lat' dir='ltr'>K</span> 
     </span>
    </p>
   </div>
  </div>
 </body>
</html>
