2846 4224
1084 116 1322 165 LIBER
1368 114 1675 164 PRIMUS.
2517 138 2597 197 47

22 338 27 348 .
247 284 482 347 virium
500 308 520 344 .-
578 279 702 342 erz‘t
747 279 840 340 vis
886 278 1213 358 centripeta
1263 277 1333 337 in
1379 275 1568 336 medio
1617 296 1816 349 arem,
1868 283 1944 335 ut
1984 277 2214 357 sagitta
2256 276 2473 355 directe
2524 284 2604 347 <⁶⁵9³

0 430 26 501 ,ᾇ
249 404 480 477 tempus
507 394 595 454 bis
612 392 862 454 inverse.
1339 387 1349 408 '

281 575 451 636 Nam
494 570 723 653 sagitta
765 569 916 631 dato
959 581 1243 648 tempore
1286 578 1384 628 est
1426 577 1497 626 ut
1538 565 1638 625 vis
1688 563 1830 647 (per
1871 564 2053 627 corol.
2103 586 2158 642 4.
2207 588 2379 647 prop.
2438 567 2513 651 1.)
2549 570 2609 630 δε

165 672 455 756 augendo
518 683 767 749 tempus
825 668 888 729 in
947 667 1186 727 ratione
1244 664 1483 745 quavis,
1544 664 1627 724 ob
1691 675 1941 723 auctum
1999 685 2210 724 arcum
2269 666 2330 725 in
2389 667 2608 727 eadem

171 772 407 834 ratione
463 767 692 849 sagitta
733 777 997 847 augetur
1041 765 1102 824 in
1149 763 1386 823 ratione
1438 759 1545 825 illa*
1586 758 1902 839 duplicata
1949 760 2086 843 (per
2134 760 2316 824 corol.
2370 783 2400 822 2
2451 763 2512 824 ἃ
2559 785 2610 842 3,

6 863 8 865 μ
108 883 114 888 ’
173 870 311 932 lem.
360 866 473 949 xl.)
507 866 776 944 ideoque
819 876 916 924 est
945 876 1028 935 ‘ut
1071 862 1167 923 vis
1211 858 1406 922 semel
1453 859 1513 920 81
1556 871 1806 939 tempus
1850 859 1962 920 bis.
2054 859 2451 921 Subducatur
2499 862 2610 921 du-

168 967 393 1050 plicata
421 964 576 1026 ratio
606 962 904 1042 temporis
933 962 1238 1041 utrinque,
1273 959 1334 1020 &
1363 958 1471 1019 fiet
1499 958 1597 1018 vis
1627 965 1697 1017 u't
1726 958 1955 1039 sagitta
2001 957 2234 1020 directe
2280 958 2340 1020 &
2370 971 2615 1039 tempus

172 1067 269 1128 bis
300 1066 560 1126 inverse.
654 1061 728 1136 Q.
763 1061 845 1121 E.
879 1061 964 1121 D.

287 1162 467 1224 Idem
495 1157 673 1220 facile
703 1158 1165 1220 demonstratur
1193 1156 1381 1218 etiam
1411 1176 1525 1236 per
1554 1151 1736 1215 corol.
1774 1173 1829 1230 4.
1864 1151 2003 1215 lem.
2039 1174 2099 1215 x,

289 1259 486 1321 Corol.
559 1278 604 1318 1.
662 1256 732 1317 Si
791 1277 1014 1336 corpus
1072 1257 1137 1317 Ρ
1193 1253 1392 1317 revol-

174 1358 382 1423 vendo
432 1357 592 1417 circa
649 1367 929 1416 centrum
975 1355 1032 1415 S
1085 1355 1396 1416 describat

172 1454 398 1517 lineam
429 1475 681 1515 curvam
711 1452 957 1526 APQ,·
996 1465 1214 1534 tangat
1243 1474 1394 1513 vero

175 1566 342 1615 recta
367 1553 555 1613 ZPR
586 1571 839 1611 curvam
871 1548 1035 1609 illam
1068 1551 1129 1610 in
1161 1564 1394 1630 puncto

173 1650 396 1732 quovis
424 1650 504 1725 P,
539 1648 600 1709 &
639 1647 719 1708 ad
755 1660 1117 1728 tangentem
1158 1649 1238 1708 ab
1273 1646 1395 1709 alio

173 1748 396 1829 quovis
461 1767 667 1807 curvae
739 1757 971 1825 puncto
1045 1745 1103 1819 Q
1175 1758 1398 1827 agatur

174 1846 318 1922 QR
381 1844 691 1904 distantiae
758 1844 814 1903 S
824 1843 889 1902 Ρ
951 1841 1257 1922 parallela‚
1325 1866 1397 1905 ac

173 1942 536 2004 demittatur
629 1941 686 2016 Q
731 1941 794 2000 T
871 1940 1396 2020 perpendicularis
1518 1951 1563 1987 V

174 2041 258 2101 ad
303 2039 661 2100 distantiam
709 2037 875 2099 illam
937 2039 993 2098 S
1006 2040 1109 2101 Ρ.·
1169 2041 1266 2101 vis
1313 2044 1657 2123 centripeta
1702 2044 1819 2105 erit
1870 2045 2180 2124 reciproce
2238 2058 2307 2105 ut
2356 2043 2623 2106 solidum

176 2136 795 2310 QQ—XRQT
828 2137 1045 2260 quad.;
1108 2186 1159 2246 si
1220 2188 1410 2250 modo
1470 2188 1652 2250 solidi
1706 2189 1865 2252 illius
1913 2213 1988 2253 ea
2045 2213 2293 2273 semper
2349 2204 2628 2253 sumatur

176 2334 505 2415 quantitaS,
553 2355 694 2414 quae
738 2330 957 2393 ultimo
1002 2331 1085 2403 fit,
1133 2332 1238 2393 ubi
1285 2347 1512 2395 coeunt
1568 2347 1799 2415 puncta
1843 2338 1908 2397 Ρ
1959 2337 2019 2398 &
2076 2337 2147 2412 Q.
2279 2338 2447 2397 Nam
2500 2336 2624 2412 QR

175 2430 430 2512 aequalis
461 2443 557 2492 est
600 2431 845 2512 sagittae
875 2428 1047 2510 dupli
1079 2451 1256 2491 arcus
1307 2432 1458 2506 QP,
1493 2434 1553 2493 in
1596 2435 1768 2515 cujus
1798 2418 2006 2495 medio
2037 2449 2133 2495 est
2160 2436 2239 2511 P,
2275 2434 2335 2495 &
2365 2434 2623 2515 duplum

174 2527 463 2611 trianguli
489 2530 545 2589 S
555 2529 694 2603 QP,
720 2530 855 2589 sive
886 2529 942 2588 S
944 2529 1007 2587 Ρ
1029 2548 1069 2588 ><
1098 2528 1154 2603 Q
1175 2530 1241 2601 T,
1268 2532 1547 2610 tempori,
1575 2553 1700 2611 quo
1730 2554 1906 2593 arcus
1932 2534 2047 2594 iste
2077 2532 2302 2613 duplus
2332 2533 2622 2594 describi-

175 2639 288 2699 tur,
321 2625 780 2707 proportionale
811 2638 940 2699 est3
987 2626 1254 2707 ideoque
1284 2650 1398 2707 pro
1429 2630 1727 2708 temporis
1759 2644 2113 2711 exponente
2143 2632 2324 2692 scribi
2355 2644 2578 2712 potest.

293 2727 488 2787 Corol.
528 2746 579 2786 2.
634 2724 880 2786 Eodem
905 2738 1274 2806 argumento
1303 2727 1399 2787 vis
1430 2728 1773 2808 centripeta
1802 2741 1898 2790 est
1921 2730 2232 2810 reciproce
2261 2743 2331 2790 ut
2359 2728 2626 2791 solidum

181 2825 238 2885 S
267 2825 333 2884 Y
364 2847 404 2904 q
433 2844 472 2884 ><
509 2824 565 2899 Q
594 2825 658 2883 P
685 2846 724 2904 q

379 2925 437 3000 Q
456 2927 524 2985 R
730 2923 741 2947 ‚
774 2875 826 2935 si
858 2875 1047 2936 modo
1079 2876 1135 2935 S
1141 2876 1208 2935 Y
1220 2875 1733 2956 perpendiculum
1763 2878 1844 2939 sit
1872 2900 1910 2938 a
1940 2891 2153 2940 centro
2182 2879 2406 2940 virium
2439 2879 2499 2939 in
2531 2900 2624 2940 or—

177 3022 274 3083 bis
303 3035 667 3105 tangentem
696 3023 826 3083 PR
856 3022 1213 3084 demissum.
1289 3023 1458 3084 Nam
1478 3024 1836 3107 rectangula
1867 3026 1925 3086 S
1930 3027 1997 3086 Y
2010 3046 2050 3086 ><
2078 3026 2199 3101 QP
2217 3026 2278 3087 &
2302 3028 2417 3088 SP
2438 3047 2478 3088 ><
2507 3027 2639 3103 QT

179 3133 518 3200 aequantur.

299 3218 495 3279 Corol.
535 3238 586 3296 3.
643 3218 714 3279 Si
745 3218 912 3280 orbis
942 3215 1043 3279 vel
1092 3216 1351 3278 circulus
1399 3232 1510 3291 est,
1543 3218 1643 3281 vel
1675 3219 1967 3282 circulum
1998 3222 2382 3283 concentrice
2412 3222 2626 3304 tangit,

180 3327 288 3376 aut
346 3317 730 3378 concentrice
772 3329 956 3389 secat,
990 3317 1054 3377 id
1098 3329 1209 3389 est,
1263 3316 1560 3399 angulum
1620 3332 1940 3381 contactus
1997 3332 2107 3380 aut
2155 3321 2445 3381 sectionis
2489 3343 2628 3382 cum

184 3412 409 3476 circulo
466 3437 655 3496 quam
706 3416 1030 3476 minimum
1082 3415 1372 3488 continet,
1427 3417 1693 3477 eandem
1746 3417 1984 3479 habens
2035 3430 2426 3479 curvaturam
2478 3440 2624 3479 eun-

183 3509 452 3592 demque
501 3513 742 3574 radium
794 3527 1140 3575 curvaturae
1190 3513 1272 3574 ad
1323 3527 1623 3594 punctum
1679 3516 1789 3587 P,·
1855 3514 1915 3576 &
1965 3515 2017 3576 si
2067 3516 2132 3575 Ρ
2165 3515 2229 3575 V
2263 3515 2493 3577 chorda
2549 3517 2629 3575 sit

184 3607 388 3670 circuli
419 3610 600 3692 hujus
629 3633 669 3672 a
710 3633 968 3692 corpore
1010 3633 1124 3693 per
1166 3624 1446 3673 centrum
1490 3614 1715 3675 virium
1745 3627 1923 3676 acta:
1986 3614 2102 3675 erit
2151 3614 2247 3675 vis
2291 3614 2628 3693 centripeta

188 3753 499 3835 reciproce
528 3771 597 3821 ut
625 3757 895 3822 solidum
928 3763 985 3823 S
998 3763 1063 3823 Y
1061 3785 1100 3843 q
1122 3783 1162 3823 ><
1184 3763 1247 3823 Ρ
1271 3763 1339 3823 V.
1422 3763 1592 3825 Nam
1621 3764 1686 3825 P
1707 3764 1773 3825 V
1791 3777 1888 3826 est
1918 3712 2140 3886 9955·
