2852 4250
1400 609 1507 650 DE

534 764 1155 877 MUNDJ
1269 788 1349 878 s
1395 787 1585 879 Vs
1621 787 2097 878 TEMA
2146 787 2369 878 TE.

986 1020 1340 1091 LIBER
1400 1021 1905 1109 TERTIUS.

314 1368 374 1429 N
435 1366 609 1430 libris
659 1368 1170 1450 praecedentibus
1216 1371 1527 1453 principia
1572 1370 1994 1454 philosophiae
2040 1372 2289 1446 tradidi,
2323 1394 2451 1436 non
2498 1385 2714 1436 tamen
2792 1369 2814 1522 ἑ

396 1467 835 1551 philosophica
887 1470 1003 1531 sed
1058 1471 1508 1534 mathematica
1561 1486 1826 1546 tantum,
1881 1493 1966 1535 ex
2026 1473 2258 1555 quibus
2310 1471 2610 1536 videlicet
2650 1473 2787 1535 inx·

122 1578 125 1580 ’
197 1570 386 1632 rebus
447 1569 904 1651 philosophicis
965 1571 1277 1653 disputari
1338 1574 1557 1655 possit.
1659 1573 1826 1635 Haec
1886 1587 2036 1636 sunt
2094 1566 2397 1636 motuum
2445 1573 2508 1636 &
2566 1573 2713 1636 viri-

196 1693 305 1732 um
354 1669 530 1754 leges
591 1670 652 1732 &
705 1671 1122 1746 conditioneS,
1179 1696 1324 1756 quae
1388 1675 1471 1736 ad
1532 1673 2003 1757 philosophiam
2064 1674 2343 1736 maxime
2402 1685 2710 1755 spectant.

200 1773 451 1834 Eadem
506 1785 736 1845 tamen,
794 1794 875 1834 ne
929 1772 1168 1836 sterilia
1227 1775 1582 1848 videantur,
1647 1774 1953 1837 illustravi
2015 1773 2269 1837 scholiis
2330 1774 2715 1857 quibusdam

196 1873 664 1955 philosophiciS,
699 1895 777 1934 ea
808 1886 1086 1943 tractans
1118 1896 1263 1956 quae
1294 1874 1620 1959 generalia
1649 1889 1813 1950 sunt,
1849 1875 1911 1938 &
1941 1875 2005 1937 in
2049 1876 2280 1958 quibus
2311 1874 2717 1958 philosophia
2795 1884 2816 1957 ’ξ

196 1974 472 2036 maxime
531 1973 780 2034 fundari
842 1973 1111 2048 videtur,
1167 1975 1258 2037 uti
1320 1998 1656 2057 corporum
1710 1976 2093 2039 densitatem
2156 1976 2219 2038 &
2272 1977 2713 2051 resistentiam,
2805 1964 2816 1979 ’

195 2074 401 2155 spatia
461 2074 832 2155 corporibus
893 2096 1115 2151 vacua,
1173 2089 1549 2158 motumque
1609 2075 1765 2139 lucis
1828 2077 1890 2139 &
1950 2099 2267 2141 sonorum.
2404 2077 2716 2159 Superest

195 2189 265 2236 ut
313 2198 394 2237 ex
455 2176 681 2238 iisdem
736 2176 1062 2257 principiis
1123 2175 1468 2238 doceamus
1529 2178 2048 2240 constitutionem
2108 2178 2475 2260 systematis
2536 2198 2714 2239 mun-

195 2276 361 2338 dani.
506 2277 610 2338 De
665 2276 786 2339 hoc
840 2290 1222 2360 argumento
1269 2299 1752 2359 composueram
1799 2277 2028 2340 librum
2090 2279 2346 2341 tertium
2407 2278 2714 2342 methodo

195 2374 500 2456 populari,
536 2390 606 2438 ut
652 2400 690 2439 a
734 2376 1021 2459 pluribus
1067 2375 1399 2460 legeretur.
1492 2378 1627 2440 Sed
1674 2380 1905 2461 quibus
1951 2381 2262 2463 principia
2305 2381 2515 2463 posita
2559 2381 2714 2443 satis

196 2476 514 2539 intellecta
575 2500 701 2540 non
763 2478 1011 2551 fuerint,
1070 2479 1110 2539 ii
1170 2478 1303 2540 vim
1363 2481 1963 2562 consequentiarum
2024 2483 2286 2545 minime
2344 2483 2712 2564 percipient,

198 2599 406 2659 neque
438 2580 806 2662 praejudicia
837 2579 1179 2660 deponent,
1215 2579 1446 2661 quibus
1492 2602 1531 2642 a
1576 2580 1791 2644 multis
1837 2597 2007 2646 retro
2043 2585 2227 2646 annis
2259 2585 2713 2648 insueverunt:

199 2677 260 2739 ἃ
308 2693 648 2760 propterea
698 2702 779 2742 ne
829 2703 930 2742 res
981 2681 1043 2741 in
1099 2680 1567 2762 disputationes
1621 2683 1922 2759 trahatur,
1977 2707 2295 2747 summam
2348 2684 2488 2748 libri
2550 2684 2714 2749 illius
2780 2743 2785 2746 .

197 2779 491 2841 transtuli
526 2782 588 2841 in
621 2782 1107 2863 propositioneS,
1141 2804 1319 2844 more
1365 2783 1833 2860 mathematico,
1866 2798 1939 2847 ut
1982 2786 2065 2848 ab
2112 2786 2187 2848 iis
2232 2785 2384 2849 solis
2421 2785 2717 2870 legantur
2785 2781 2787 2784 ’

199 2882 307 2961 qui
357 2877 665 2963 principia
716 2883 890 2963 prius
939 2881 1310 2946 evolverint.
1407 2884 1848 2948 Veruntamen
1896 2888 2198 2969 quoniam
2245 2887 2714 2969 propositiones

201 2981 284 3042 ibi
362 3004 553 3062 quam
630 2982 916 3064 plurimae
994 2998 1343 3060 occurrant,
1404 3007 1549 3066 quae
1610 2984 1952 3050 lectoribus
2013 2989 2206 3051 etiam
2267 2987 2714 3052 mathematice

199 3082 402 3143 doctis
436 3105 678 3144 moram
712 3084 971 3145 nimiam
1011 3085 1267 3168 injicere
1294 3067 1576 3167 possint,
1611 3101 1831 3149 auctor
1875 3110 2017 3150 esse
2063 3087 2212 3151 nolo
2257 3102 2328 3151 ut
2373 3090 2712 3172 quisquam

200 3204 308 3244 eas
355 3204 578 3244 omnes
625 3182 918 3259 evolvat;
987 3186 1307 3247 suffecerit
1351 3186 1551 3267 siquis
1597 3187 2019 3262 definitioneS,
2075 3188 2252 3273 leges
2306 3204 2595 3253 motuum
2649 3190 2713 3253 81

199 3283 517 3345 sectiones
550 3297 677 3345 tres
723 3285 965 3365 priores
1011 3285 1151 3347 libri
1197 3287 1383 3368 primi
1430 3287 1655 3350 sedulo
1700 3288 1887 3373 legat,
1922 3290 2071 3352 dein
2104 3304 2386 3354 transeat
2414 3292 2498 3353 ad
2544 3292 2712 3355 hunc
2780 3279 2782 3282 ‚

200 3382 430 3445 librum
480 3385 562 3446 de
623 3386 844 3446 mundi
893 3400 1256 3467 systemate,
1315 3388 1376 3449 &
1423 3387 1698 3472 reliquas
1745 3390 2047 3454 librorum
2093 3393 2375 3475 priorum
2420 3393 2709 3476 proposi·
2768 3380 2783 3437 f

201 3484 407 3547 tiones
439 3484 541 3546 hic
572 3486 795 3547 citatas
827 3508 943 3567 pro
975 3486 1176 3549 lubitu
1209 3488 1511 3552 consulat.
