<?xml version="1.0" encoding="UTF-8"?>
<!DOCTYPE html PUBLIC "-//W3C//DTD XHTML 1.0 Transitional//EN"
    "http://www.w3.org/TR/xhtml1/DTD/xhtml1-transitional.dtd">
<html xmlns="http://www.w3.org/1999/xhtml" xml:lang="en" lang="en">
 <head>
  <title>
</title>
<meta http-equiv="Content-Type" content="text/html;charset=utf-8" />
  <meta name='ocr-system' content='tesseract 3.04.00' />
  <meta name='ocr-capabilities' content='ocr_page ocr_carea ocr_par ocr_line ocrx_word'/>
</head>
<body>
  <div class='ocr_page' id='page_1' title='image "./principia00newtuoft_0132.png"; bbox 0 0 2846 4224; ppageno 0'>
   <div class='ocr_carea' id='block_1_1' title="bbox 179 117 1861 195">
    <p class='ocr_par' dir='ltr' id='par_1_1' title="bbox 179 117 1861 195">
     <span class='ocr_line' id='line_1_1' title="bbox 179 117 1861 195; baseline -0.008 -14"><span class='ocrx_word' id='word_1_1' title='bbox 179 122 263 195; x_wconf 68' lang='lat'>90</span> <span class='ocrx_word' id='word_1_2' title='bbox 1004 118 1121 168; x_wconf 85' lang='lat' dir='ltr'>DE</span> <span class='ocrx_word' id='word_1_3' title='bbox 1153 117 1726 171; x_wconf 74' lang='lat' dir='ltr'><em>MOTUCORPOR</em></span> <span class='ocrx_word' id='word_1_4' title='bbox 1737 118 1861 168; x_wconf 69' lang='grc' dir='ltr'>ΗΜ</span> 
     </span>
    </p>
   </div>
   <div class='ocr_carea' id='block_1_2' title="bbox 173 281 2697 770">
    <p class='ocr_par' dir='ltr' id='par_1_2' title="bbox 176 281 2690 370">
     <span class='ocr_line' id='line_1_2' title="bbox 176 281 2690 370; baseline 0.001 -21"><span class='ocrx_word' id='word_1_5' title='bbox 176 300 448 370; x_wconf 88' lang='lat' dir='ltr'>tangens</span> <span class='ocrx_word' id='word_1_6' title='bbox 494 285 695 360; x_wconf 87' lang='lat' dir='ltr'>tertia,</span> <span class='ocrx_word' id='word_1_7' title='bbox 730 285 793 348; x_wconf 84' lang='lat'>&amp;</span> <span class='ocrx_word' id='word_1_8' title='bbox 820 285 865 348; x_wconf 84' lang='lat' dir='ltr'>lz</span> <span class='ocrx_word' id='word_1_9' title='bbox 883 287 917 348; x_wconf 94' lang='lat' dir='ltr'><em>l</em></span> <span class='ocrx_word' id='word_1_10' title='bbox 954 298 1126 349; x_wconf 88' lang='lat' dir='ltr'>recta</span> <span class='ocrx_word' id='word_1_11' title='bbox 1156 285 1301 347; x_wconf 93' lang='lat' dir='ltr'>huic</span> <span class='ocrx_word' id='word_1_12' title='bbox 1331 281 1632 367; x_wconf 90' lang='lat' dir='ltr'>parallela</span> <span class='ocrx_word' id='word_1_13' title='bbox 1662 282 1976 346; x_wconf 90' lang='lat' dir='ltr'>transiens</span> <span class='ocrx_word' id='word_1_14' title='bbox 2006 304 2123 365; x_wconf 91' lang='lat' dir='ltr'>per</span> <span class='ocrx_word' id='word_1_15' title='bbox 2150 296 2388 366; x_wconf 89' lang='lat' dir='ltr'>puncta</span> <span class='ocrx_word' id='word_1_16' title='bbox 2418 282 2524 348; x_wconf 90' lang='lat' dir='ltr'>illa</span> <span class='ocrx_word' id='word_1_17' title='bbox 2549 284 2607 361; x_wconf 71' lang='lat' dir='ltr'>a,</span> <span class='ocrx_word' id='word_1_18' title='bbox 2639 289 2690 361; x_wconf 91' lang='lat' dir='ltr'>b,</span> 
     </span>
    </p>

    <p class='ocr_par' dir='ltr' id='par_1_3' title="bbox 173 383 2697 770">
     <span class='ocr_line' id='line_1_3' title="bbox 175 383 2691 469; baseline 0 -19"><span class='ocrx_word' id='word_1_19' title='bbox 175 408 292 469; x_wconf 89' lang='lat' dir='ltr'>per</span> <span class='ocrx_word' id='word_1_20' title='bbox 320 408 466 468; x_wconf 88' lang='lat' dir='ltr'>quae</span> <span class='ocrx_word' id='word_1_21' title='bbox 496 386 716 449; x_wconf 89' lang='lat' dir='ltr'>conica</span> <span class='ocrx_word' id='word_1_22' title='bbox 745 386 944 449; x_wconf 90' lang='lat' dir='ltr'>sectio</span> <span class='ocrx_word' id='word_1_23' title='bbox 975 386 1038 448; x_wconf 92' lang='lat' dir='ltr'>in</span> <span class='ocrx_word' id='word_1_24' title='bbox 1070 386 1190 448; x_wconf 92' lang='lat' dir='ltr'>hac</span> <span class='ocrx_word' id='word_1_25' title='bbox 1231 385 1435 469; x_wconf 87' lang='lat' dir='ltr'>figura</span> <span class='ocrx_word' id='word_1_26' title='bbox 1480 405 1650 447; x_wconf 87' lang='lat' dir='ltr'>nova</span> <span class='ocrx_word' id='word_1_27' title='bbox 1693 383 1962 446; x_wconf 90' lang='lat' dir='ltr'>transire</span> <span class='ocrx_word' id='word_1_28' title='bbox 2006 383 2217 459; x_wconf 91' lang='lat' dir='ltr'>debet,</span> <span class='ocrx_word' id='word_1_29' title='bbox 2253 383 2316 447; x_wconf 78' lang='grc' dir='ltr'>8ι</span> <span class='ocrx_word' id='word_1_30' title='bbox 2362 384 2691 468; x_wconf 85' lang='lat' dir='ltr'>parallelo-</span> 
     </span>
     <span class='ocr_line' id='line_1_4' title="bbox 173 484 2697 571; baseline 0.001 -22"><span class='ocrx_word' id='word_1_31' title='bbox 173 508 536 571; x_wconf 90' lang='lat' dir='ltr'>grammum</span> <span class='ocrx_word' id='word_1_32' title='bbox 578 487 622 548; x_wconf 81' lang='lat' dir='ltr'>lz</span> <span class='ocrx_word' id='word_1_33' title='bbox 641 485 776 549; x_wconf 80' lang='lat' dir='ltr'>z‘kl</span> <span class='ocrx_word' id='word_1_34' title='bbox 813 484 1156 568; x_wconf 82' lang='lat' dir='ltr'>complens,</span> <span class='ocrx_word' id='word_1_35' title='bbox 1252 486 1568 549; x_wconf 90' lang='lat' dir='ltr'>Secentur</span> <span class='ocrx_word' id='word_1_36' title='bbox 1611 496 1800 546; x_wconf 87' lang='lat' dir='ltr'>rectae</span> <span class='ocrx_word' id='word_1_37' title='bbox 1830 485 1914 558; x_wconf 79' lang='lat' dir='ltr'>lzi,</span> <span class='ocrx_word' id='word_1_38' title='bbox 1947 484 2030 557; x_wconf 75' lang='lat' dir='ltr'>ik,</span> <span class='ocrx_word' id='word_1_39' title='bbox 2061 485 2138 547; x_wconf 77' lang='lat' dir='ltr'>kl</span> <span class='ocrx_word' id='word_1_40' title='bbox 2162 485 2226 547; x_wconf 92' lang='lat' dir='ltr'>in</span> <span class='ocrx_word' id='word_1_41' title='bbox 2255 507 2301 559; x_wconf 90' lang='lat' dir='ltr'>c,</span> <span class='ocrx_word' id='word_1_42' title='bbox 2332 485 2395 564; x_wconf 88' lang='lat' dir='ltr'>d,</span> <span class='ocrx_word' id='word_1_43' title='bbox 2426 508 2472 564; x_wconf 83' lang='lat' dir='ltr'>e,</span> <span class='ocrx_word' id='word_1_44' title='bbox 2506 487 2596 550; x_wconf 93' lang='lat' dir='ltr'>ita</span> <span class='ocrx_word' id='word_1_45' title='bbox 2622 502 2697 552; x_wconf 92' lang='lat' dir='ltr'>ut</span> 
     </span>
     <span class='ocr_line' id='line_1_5' title="bbox 175 583 2695 670; baseline 0.001 -20"><span class='ocrx_word' id='word_1_46' title='bbox 175 588 259 650; x_wconf 93' lang='lat' dir='ltr'>sit</span> <span class='ocrx_word' id='word_1_47' title='bbox 285 588 329 650; x_wconf 70' lang='lat' dir='ltr'><em>h</em></span> <span class='ocrx_word' id='word_1_48' title='bbox 347 609 378 649; x_wconf 87' lang='lat' dir='ltr'><em>c</em></span> <span class='ocrx_word' id='word_1_49' title='bbox 406 586 489 649; x_wconf 93' lang='lat' dir='ltr'>ad</span> <span class='ocrx_word' id='word_1_50' title='bbox 520 585 684 649; x_wconf 90' lang='lat' dir='ltr'>latus</span> <span class='ocrx_word' id='word_1_51' title='bbox 716 587 1098 669; x_wconf 89' lang='lat' dir='ltr'>quadratum</span> <span class='ocrx_word' id='word_1_52' title='bbox 1124 584 1472 670; x_wconf 91' lang='lat' dir='ltr'>rectanguli</span> <span class='ocrx_word' id='word_1_53' title='bbox 1502 607 1544 646; x_wconf 87' lang='lat' dir='ltr'><em>a</em></span> <span class='ocrx_word' id='word_1_54' title='bbox 1561 585 1604 646; x_wconf 79' lang='lat' dir='ltr'>lz</span> <span class='ocrx_word' id='word_1_55' title='bbox 1623 586 1672 657; x_wconf 94' lang='lat' dir='ltr'>b,</span> <span class='ocrx_word' id='word_1_56' title='bbox 1707 584 1781 646; x_wconf 70' lang='grc' dir='ltr'>εἰ·</span> <span class='ocrx_word' id='word_1_57' title='bbox 1809 584 1892 646; x_wconf 92' lang='lat' dir='ltr'>ad</span> <span class='ocrx_word' id='word_1_58' title='bbox 1923 583 1953 646; x_wconf 71' lang='grc' dir='ltr'>τ’</span> <span class='ocrx_word' id='word_1_59' title='bbox 1965 584 2023 658; x_wconf 83' lang='lat' dir='ltr'>d,</span> <span class='ocrx_word' id='word_1_60' title='bbox 2059 583 2121 647; x_wconf 82' lang='lat' dir='ltr'>8c</span> <span class='ocrx_word' id='word_1_61' title='bbox 2149 585 2233 647; x_wconf 79' lang='lat' dir='ltr'>ke</span> <span class='ocrx_word' id='word_1_62' title='bbox 2258 585 2342 648; x_wconf 90' lang='lat' dir='ltr'>ad</span> <span class='ocrx_word' id='word_1_63' title='bbox 2371 586 2472 649; x_wconf 79' lang='lat' dir='ltr'>kd</span> <span class='ocrx_word' id='word_1_64' title='bbox 2493 600 2565 650; x_wconf 93' lang='lat' dir='ltr'>ut</span> <span class='ocrx_word' id='word_1_65' title='bbox 2594 601 2695 652; x_wconf 91' lang='lat' dir='ltr'>est</span> 
     </span>
     <span class='ocr_line' id='line_1_6' title="bbox 175 682 2696 770; baseline 0.001 -20"><span class='ocrx_word' id='word_1_66' title='bbox 175 710 426 750; x_wconf 87' lang='lat' dir='ltr'>summa</span> <span class='ocrx_word' id='word_1_67' title='bbox 456 700 767 750; x_wconf 91' lang='lat' dir='ltr'>rectarum</span> <span class='ocrx_word' id='word_1_68' title='bbox 810 687 904 749; x_wconf 79' lang='lat' dir='ltr'>lzz‘</span> <span class='ocrx_word' id='word_1_69' title='bbox 930 687 993 749; x_wconf 86' lang='lat'>&amp;</span> <span class='ocrx_word' id='word_1_70' title='bbox 1020 687 1064 748; x_wconf 73' lang='lat' dir='ltr'><em>k</em></span> <span class='ocrx_word' id='word_1_71' title='bbox 1086 687 1119 748; x_wconf 94' lang='lat' dir='ltr'><em>l</em></span> <span class='ocrx_word' id='word_1_72' title='bbox 1142 686 1225 748; x_wconf 90' lang='lat' dir='ltr'>ad</span> <span class='ocrx_word' id='word_1_73' title='bbox 1256 707 1572 747; x_wconf 91' lang='lat' dir='ltr'>summam</span> <span class='ocrx_word' id='word_1_74' title='bbox 1605 684 1795 747; x_wconf 92' lang='lat' dir='ltr'>trium</span> <span class='ocrx_word' id='word_1_75' title='bbox 1827 682 2154 759; x_wconf 90' lang='lat' dir='ltr'>linearum,</span> <span class='ocrx_word' id='word_1_76' title='bbox 2188 707 2458 769; x_wconf 91' lang='lat' dir='ltr'>quarum</span> <span class='ocrx_word' id='word_1_77' title='bbox 2488 688 2696 770; x_wconf 89' lang='lat' dir='ltr'>prima</span> 
     </span>
    </p>
   </div>
   <div class='ocr_carea' id='block_1_3' title="bbox 174 785 2814 872">
    <p class='ocr_par' dir='ltr' id='par_1_4' title="bbox 174 785 2814 872">
     <span class='ocr_line' id='line_1_7' title="bbox 174 785 2814 872; baseline 0.002 -23"><span class='ocrx_word' id='word_1_78' title='bbox 174 801 274 850; x_wconf 92' lang='lat' dir='ltr'>est</span> <span class='ocrx_word' id='word_1_79' title='bbox 303 800 475 850; x_wconf 92' lang='lat' dir='ltr'>recta</span> <span class='ocrx_word' id='word_1_80' title='bbox 503 787 602 861; x_wconf 77' lang='lat' dir='ltr'>z&#39;k,</span> <span class='ocrx_word' id='word_1_81' title='bbox 637 787 701 849; x_wconf 89' lang='lat'>&amp;</span> <span class='ocrx_word' id='word_1_82' title='bbox 745 785 963 850; x_wconf 83' lang='lat' dir='ltr'>alterae</span> <span class='ocrx_word' id='word_1_83' title='bbox 999 787 1146 849; x_wconf 81' lang='lat' dir='ltr'>duae</span> <span class='ocrx_word' id='word_1_84' title='bbox 1190 799 1341 849; x_wconf 92' lang='lat' dir='ltr'>sunt</span> <span class='ocrx_word' id='word_1_85' title='bbox 1384 785 1584 848; x_wconf 89' lang='lat' dir='ltr'>latera</span> <span class='ocrx_word' id='word_1_86' title='bbox 1628 786 1941 868; x_wconf 91' lang='lat' dir='ltr'>quadrata</span> <span class='ocrx_word' id='word_1_87' title='bbox 1985 786 2496 872; x_wconf 88' lang='lat' dir='ltr'>rectangulorum</span> <span class='ocrx_word' id='word_1_88' title='bbox 2539 789 2695 853; x_wconf 79' lang='lat' dir='ltr'><em>alzb</em></span> <span class='ocrx_word' id='word_1_89' title='bbox 2809 805 2814 819; x_wconf 72' lang='lat'><strong>¹</strong></span> 
     </span>
    </p>
   </div>
   <div class='ocr_carea' id='block_1_4' title="bbox 162 886 2695 2279">
    <p class='ocr_par' dir='ltr' id='par_1_5' title="bbox 162 886 2695 2279">
     <span class='ocr_line' id='line_1_8' title="bbox 176 886 2695 968; baseline 0.002 -18"><span class='ocrx_word' id='word_1_90' title='bbox 176 888 239 950; x_wconf 71' lang='grc' dir='ltr'>ἃ</span> <span class='ocrx_word' id='word_1_91' title='bbox 267 889 360 950; x_wconf 84' lang='lat' dir='ltr'>al</span> <span class='ocrx_word' id='word_1_92' title='bbox 372 889 407 950; x_wconf 95' lang='lat' dir='ltr'><em>b</em></span> <span class='ocrx_word' id='word_1_93' title='bbox 427 914 447 951; x_wconf 89' lang='lat'><em>:</em></span> <span class='ocrx_word' id='word_1_94' title='bbox 493 887 554 950; x_wconf 86' lang='lat'>&amp;</span> <span class='ocrx_word' id='word_1_95' title='bbox 598 901 784 950; x_wconf 90' lang='lat' dir='ltr'>erunt</span> <span class='ocrx_word' id='word_1_96' title='bbox 812 910 856 961; x_wconf 86' lang='lat' dir='ltr'>c,</span> <span class='ocrx_word' id='word_1_97' title='bbox 889 887 951 965; x_wconf 83' lang='lat' dir='ltr'>d,</span> <span class='ocrx_word' id='word_1_98' title='bbox 981 909 1013 949; x_wconf 83' lang='lat' dir='ltr'><em>e</em></span> <span class='ocrx_word' id='word_1_99' title='bbox 1039 899 1276 968; x_wconf 86' lang='lat' dir='ltr'>puncta</span> <span class='ocrx_word' id='word_1_100' title='bbox 1316 898 1738 949; x_wconf 91' lang='lat' dir='ltr'>contactuum.</span> <span class='ocrx_word' id='word_1_101' title='bbox 1836 886 2114 960; x_wconf 88' lang='lat' dir='ltr'><strong>Etenim,</strong></span> <span class='ocrx_word' id='word_1_102' title='bbox 2148 909 2229 950; x_wconf 88' lang='lat' dir='ltr'>ex</span> <span class='ocrx_word' id='word_1_103' title='bbox 2261 888 2513 966; x_wconf 84' lang='lat' dir='ltr'>coniciS‚</span> <span class='ocrx_word' id='word_1_104' title='bbox 2545 904 2695 954; x_wconf 91' lang='lat' dir='ltr'>sunt</span> 
     </span>
     <span class='ocr_line' id='line_1_9' title="bbox 168 986 2690 1071; baseline 0.002 -22"><span class='ocrx_word' id='word_1_105' title='bbox 168 988 261 1050; x_wconf 79' lang='lat' dir='ltr'>lzc</span> <span class='ocrx_word' id='word_1_106' title='bbox 290 988 668 1070; x_wconf 90' lang='lat' dir='ltr'>quadratum</span> <span class='ocrx_word' id='word_1_107' title='bbox 699 988 782 1049; x_wconf 92' lang='lat' dir='ltr'>ad</span> <span class='ocrx_word' id='word_1_108' title='bbox 814 986 1251 1071; x_wconf 91' lang='lat' dir='ltr'>rectangulum</span> <span class='ocrx_word' id='word_1_109' title='bbox 1281 987 1433 1061; x_wconf 76' lang='lat' dir='ltr'><em>alcb,</em></span> <span class='ocrx_word' id='word_1_110' title='bbox 1458 987 1520 1050; x_wconf 70' lang='lat'>81</span> <span class='ocrx_word' id='word_1_111' title='bbox 1550 988 1624 1049; x_wconf 86' lang='lat' dir='ltr'>z&#39;c</span> <span class='ocrx_word' id='word_1_112' title='bbox 1652 987 2036 1070; x_wconf 90' lang='lat' dir='ltr'>quadratum</span> <span class='ocrx_word' id='word_1_113' title='bbox 2067 988 2150 1050; x_wconf 93' lang='lat' dir='ltr'>ad</span> <span class='ocrx_word' id='word_1_114' title='bbox 2182 988 2266 1051; x_wconf 83' lang='lat' dir='ltr'>z’d</span> <span class='ocrx_word' id='word_1_115' title='bbox 2287 989 2690 1071; x_wconf 89' lang='lat' dir='ltr'>quadratum,</span> 
     </span>
     <span class='ocr_line' id='line_1_10' title="bbox 176 1087 2692 1175; baseline 0.002 -25"><span class='ocrx_word' id='word_1_116' title='bbox 176 1088 237 1150; x_wconf 71' lang='grc' dir='ltr'>δε</span> <span class='ocrx_word' id='word_1_117' title='bbox 265 1088 357 1150; x_wconf 74' lang='lat' dir='ltr'>ke</span> <span class='ocrx_word' id='word_1_118' title='bbox 383 1089 762 1171; x_wconf 91' lang='lat' dir='ltr'>quadratum</span> <span class='ocrx_word' id='word_1_119' title='bbox 794 1089 877 1151; x_wconf 92' lang='lat' dir='ltr'>ad</span> <span class='ocrx_word' id='word_1_120' title='bbox 907 1089 1018 1151; x_wconf 72' lang='lat' dir='ltr'>kd</span> <span class='ocrx_word' id='word_1_121' title='bbox 1039 1088 1438 1169; x_wconf 88' lang='lat' dir='ltr'>quadratum,</span> <span class='ocrx_word' id='word_1_122' title='bbox 1474 1087 1536 1150; x_wconf 85' lang='lat'>&amp;</span> <span class='ocrx_word' id='word_1_123' title='bbox 1579 1090 1660 1151; x_wconf 85' lang='lat' dir='ltr'>el</span> <span class='ocrx_word' id='word_1_124' title='bbox 1697 1088 2079 1172; x_wconf 90' lang='lat' dir='ltr'>quadratum</span> <span class='ocrx_word' id='word_1_125' title='bbox 2125 1089 2208 1151; x_wconf 91' lang='lat' dir='ltr'>ad</span> <span class='ocrx_word' id='word_1_126' title='bbox 2255 1089 2692 1175; x_wconf 90' lang='lat' dir='ltr'>rectangulum</span> 
     </span>
     <span class='ocr_line' id='line_1_11' title="bbox 168 1188 1619 1288; baseline 0.001 -38"><span class='ocrx_word' id='word_1_127' title='bbox 168 1189 308 1251; x_wconf 85' lang='lat' dir='ltr'>alb</span> <span class='ocrx_word' id='word_1_128' title='bbox 353 1188 417 1250; x_wconf 93' lang='lat' dir='ltr'>in</span> <span class='ocrx_word' id='word_1_129' title='bbox 466 1188 693 1250; x_wconf 91' lang='lat' dir='ltr'>eadem</span> <span class='ocrx_word' id='word_1_130' title='bbox 740 1188 1019 1264; x_wconf 91' lang='lat' dir='ltr'>ratione;</span> <span class='ocrx_word' id='word_1_131' title='bbox 1068 1189 1130 1251; x_wconf 83' lang='lat'>&amp;</span> <span class='ocrx_word' id='word_1_132' title='bbox 1170 1202 1510 1272; x_wconf 92' lang='lat' dir='ltr'>propterea</span> <span class='ocrx_word' id='word_1_133' title='bbox 1593 1231 1619 1288; x_wconf 65' lang='lat' dir='ltr'><em>i</em></span> 
     </span>
     <span class='ocr_line' id='line_1_12' title="bbox 168 1287 1505 1372; baseline 0.002 -22"><span class='ocrx_word' id='word_1_134' title='bbox 168 1288 260 1350; x_wconf 71' lang='lat' dir='ltr'>bc</span> <span class='ocrx_word' id='word_1_135' title='bbox 303 1288 386 1350; x_wconf 89' lang='lat' dir='ltr'>ad</span> <span class='ocrx_word' id='word_1_136' title='bbox 432 1287 598 1351; x_wconf 91' lang='lat' dir='ltr'>latus</span> <span class='ocrx_word' id='word_1_137' title='bbox 644 1289 1026 1371; x_wconf 89' lang='lat' dir='ltr'>quadratum</span> <span class='ocrx_word' id='word_1_138' title='bbox 1085 1290 1283 1372; x_wconf 90' lang='lat' dir='ltr'>ipsius</span> <span class='ocrx_word' id='word_1_139' title='bbox 1334 1290 1505 1363; x_wconf 82' lang='lat' dir='ltr'><em>alzb,</em></span> 
     </span>
     <span class='ocr_line' id='line_1_13' title="bbox 166 1389 1508 1464; baseline 0.002 -14"><span class='ocrx_word' id='word_1_140' title='bbox 166 1389 241 1451; x_wconf 77' lang='lat' dir='ltr'>ic</span> <span class='ocrx_word' id='word_1_141' title='bbox 283 1389 365 1451; x_wconf 93' lang='lat' dir='ltr'>ad</span> <span class='ocrx_word' id='word_1_142' title='bbox 410 1389 513 1463; x_wconf 74' lang='lat' dir='ltr'>id,</span> <span class='ocrx_word' id='word_1_143' title='bbox 565 1390 658 1452; x_wconf 74' lang='lat' dir='ltr'>ke</span> <span class='ocrx_word' id='word_1_144' title='bbox 698 1390 782 1452; x_wconf 94' lang='lat' dir='ltr'>ad</span> <span class='ocrx_word' id='word_1_145' title='bbox 825 1390 941 1464; x_wconf 73' lang='lat' dir='ltr'>kd,</span> <span class='ocrx_word' id='word_1_146' title='bbox 991 1390 1053 1453; x_wconf 69' lang='grc' dir='ltr'>ἃ</span> <span class='ocrx_word' id='word_1_147' title='bbox 1097 1393 1178 1454; x_wconf 83' lang='lat' dir='ltr'>el</span> <span class='ocrx_word' id='word_1_148' title='bbox 1214 1391 1297 1453; x_wconf 93' lang='lat' dir='ltr'>ad</span> <span class='ocrx_word' id='word_1_149' title='bbox 1343 1390 1508 1453; x_wconf 90' lang='lat' dir='ltr'>latus</span> 
     </span>
     <span class='ocr_line' id='line_1_14' title="bbox 168 1489 1505 1572; baseline 0.004 -22"><span class='ocrx_word' id='word_1_150' title='bbox 168 1489 548 1571; x_wconf 92' lang='lat' dir='ltr'>quadratum</span> <span class='ocrx_word' id='word_1_151' title='bbox 597 1490 794 1572; x_wconf 92' lang='lat' dir='ltr'>ipsius</span> <span class='ocrx_word' id='word_1_152' title='bbox 854 1514 894 1552; x_wconf 83' lang='lat' dir='ltr'><em>a</em></span> <span class='ocrx_word' id='word_1_153' title='bbox 916 1492 994 1554; x_wconf 88' lang='lat' dir='ltr'>lb</span> <span class='ocrx_word' id='word_1_154' title='bbox 1048 1505 1198 1554; x_wconf 93' lang='lat' dir='ltr'>sunt</span> <span class='ocrx_word' id='word_1_155' title='bbox 1245 1493 1306 1554; x_wconf 91' lang='lat' dir='ltr'>in</span> <span class='ocrx_word' id='word_1_156' title='bbox 1360 1493 1505 1555; x_wconf 94' lang='lat' dir='ltr'>sub-</span> 
     </span>
     <span class='ocr_line' id='line_1_15' title="bbox 165 1588 1504 1675; baseline 0.004 -24"><span class='ocrx_word' id='word_1_157' title='bbox 165 1588 486 1671; x_wconf 89' lang='lat' dir='ltr'>duplicata</span> <span class='ocrx_word' id='word_1_158' title='bbox 539 1589 643 1652; x_wconf 91' lang='lat' dir='ltr'>illa</span> <span class='ocrx_word' id='word_1_159' title='bbox 695 1591 955 1666; x_wconf 93' lang='lat' dir='ltr'>ratione,</span> <span class='ocrx_word' id='word_1_160' title='bbox 1014 1592 1076 1655; x_wconf 83' lang='lat'>&amp;</span> <span class='ocrx_word' id='word_1_161' title='bbox 1136 1592 1504 1675; x_wconf 85' lang='lat' dir='ltr'>composite,</span> 
     </span>
     <span class='ocr_line' id='line_1_16' title="bbox 167 1690 1509 1756; baseline 0.003 -5"><span class='ocrx_word' id='word_1_162' title='bbox 167 1690 230 1752; x_wconf 95' lang='lat' dir='ltr'>in</span> <span class='ocrx_word' id='word_1_163' title='bbox 255 1690 405 1753; x_wconf 92' lang='lat' dir='ltr'>data</span> <span class='ocrx_word' id='word_1_164' title='bbox 428 1692 671 1755; x_wconf 93' lang='lat' dir='ltr'>ratione</span> <span class='ocrx_word' id='word_1_165' title='bbox 692 1693 976 1755; x_wconf 92' lang='lat' dir='ltr'>omnium</span> <span class='ocrx_word' id='word_1_166' title='bbox 996 1693 1509 1756; x_wconf 92' lang='lat' dir='ltr'>antecedentium</span> 
     </span>
     <span class='ocr_line' id='line_1_17' title="bbox 164 1791 1510 1878; baseline 0.004 -25"><span class='ocrx_word' id='word_1_167' title='bbox 164 1791 254 1853; x_wconf 69' lang='lat' dir='ltr'>kz·</span> <span class='ocrx_word' id='word_1_168' title='bbox 279 1792 341 1854; x_wconf 85' lang='lat'>&amp;</span> <span class='ocrx_word' id='word_1_169' title='bbox 369 1793 457 1855; x_wconf 74' lang='lat' dir='ltr'>kl</span> <span class='ocrx_word' id='word_1_170' title='bbox 478 1793 560 1855; x_wconf 93' lang='lat' dir='ltr'>ad</span> <span class='ocrx_word' id='word_1_171' title='bbox 593 1815 817 1856; x_wconf 91' lang='lat' dir='ltr'>omnes</span> <span class='ocrx_word' id='word_1_172' title='bbox 849 1808 1330 1877; x_wconf 84' lang='lat' dir='ltr'>consequenteS,</span> <span class='ocrx_word' id='word_1_173' title='bbox 1364 1817 1510 1878; x_wconf 82' lang='lat' dir='ltr'>quae</span> 
     </span>
     <span class='ocr_line' id='line_1_18' title="bbox 163 1892 1508 1980; baseline 0.003 -26"><span class='ocrx_word' id='word_1_174' title='bbox 163 1907 312 1955; x_wconf 94' lang='lat' dir='ltr'>sunt</span> <span class='ocrx_word' id='word_1_175' title='bbox 341 1892 505 1956; x_wconf 91' lang='lat' dir='ltr'>latus</span> <span class='ocrx_word' id='word_1_176' title='bbox 537 1896 915 1977; x_wconf 92' lang='lat' dir='ltr'>quadratum</span> <span class='ocrx_word' id='word_1_177' title='bbox 949 1895 1297 1980; x_wconf 90' lang='lat' dir='ltr'>rectanguli</span> <span class='ocrx_word' id='word_1_178' title='bbox 1337 1919 1378 1958; x_wconf 86' lang='lat' dir='ltr'><em>a</em></span> <span class='ocrx_word' id='word_1_179' title='bbox 1396 1897 1439 1958; x_wconf 76' lang='lat' dir='ltr'>lc</span> <span class='ocrx_word' id='word_1_180' title='bbox 1458 1897 1508 1970; x_wconf 88' lang='lat' dir='ltr'>b,</span> 
     </span>
     <span class='ocr_line' id='line_1_19' title="bbox 165 1992 1507 2080; baseline 0.004 -26"><span class='ocrx_word' id='word_1_181' title='bbox 165 1992 227 2054; x_wconf 86' lang='lat'>&amp;</span> <span class='ocrx_word' id='word_1_182' title='bbox 271 2007 442 2056; x_wconf 93' lang='lat' dir='ltr'>recta</span> <span class='ocrx_word' id='word_1_183' title='bbox 486 1995 575 2068; x_wconf 69' lang='lat' dir='ltr'>ik,</span> <span class='ocrx_word' id='word_1_184' title='bbox 626 1996 688 2058; x_wconf 85' lang='lat'>&amp;</span> <span class='ocrx_word' id='word_1_185' title='bbox 733 1995 897 2059; x_wconf 90' lang='lat' dir='ltr'>latus</span> <span class='ocrx_word' id='word_1_186' title='bbox 939 1998 1322 2080; x_wconf 92' lang='lat' dir='ltr'>quadratum</span> <span class='ocrx_word' id='word_1_187' title='bbox 1377 2020 1507 2060; x_wconf 91' lang='lat' dir='ltr'>rec-</span> 
     </span>
     <span class='ocr_line' id='line_1_20' title="bbox 162 2094 1514 2182; baseline 0.006 -27"><span class='ocrx_word' id='word_1_188' title='bbox 162 2094 403 2178; x_wconf 92' lang='lat' dir='ltr'>tanguli</span> <span class='ocrx_word' id='word_1_189' title='bbox 434 2097 567 2158; x_wconf 84' lang='lat' dir='ltr'><em>alb.</em></span> <span class='ocrx_word' id='word_1_190' title='bbox 655 2097 999 2160; x_wconf 83' lang='lat' dir='ltr'>Habentur</span> <span class='ocrx_word' id='word_1_191' title='bbox 1029 2099 1221 2182; x_wconf 90' lang='lat' dir='ltr'>igitur</span> <span class='ocrx_word' id='word_1_192' title='bbox 1250 2122 1331 2162; x_wconf 87' lang='lat' dir='ltr'>ex</span> <span class='ocrx_word' id='word_1_193' title='bbox 1362 2100 1514 2163; x_wconf 92' lang='lat' dir='ltr'>data</span> 
     </span>
     <span class='ocr_line' id='line_1_21' title="bbox 166 2192 1510 2279; baseline 0.007 -25"><span class='ocrx_word' id='word_1_194' title='bbox 166 2192 271 2256; x_wconf 94' lang='lat' dir='ltr'>illa</span> <span class='ocrx_word' id='word_1_195' title='bbox 317 2196 562 2259; x_wconf 92' lang='lat' dir='ltr'>ratione</span> <span class='ocrx_word' id='word_1_196' title='bbox 593 2212 831 2279; x_wconf 91' lang='lat' dir='ltr'>puncta</span> <span class='ocrx_word' id='word_1_197' title='bbox 862 2212 1266 2262; x_wconf 90' lang='lat' dir='ltr'>contactuum</span> <span class='ocrx_word' id='word_1_198' title='bbox 1298 2225 1342 2275; x_wconf 87' lang='lat' dir='ltr'>c,</span> <span class='ocrx_word' id='word_1_199' title='bbox 1375 2202 1433 2275; x_wconf 81' lang='lat' dir='ltr'>d,</span> <span class='ocrx_word' id='word_1_200' title='bbox 1466 2225 1510 2276; x_wconf 85' lang='lat' dir='ltr'>e,</span> 
     </span>
    </p>
   </div>
   <div class='ocr_carea' id='block_1_5' title="bbox 1586 1217 2686 2257">
    <p class='ocr_par' dir='ltr' id='par_1_6' title="bbox 1586 1217 2686 2257">
     <span class='ocr_line' id='line_1_22' title="bbox 1586 1217 2686 2257; baseline 0 0"><span class='ocrx_word' id='word_1_201' title='bbox 1586 1217 2686 2257; x_wconf 95' lang='lat' dir='ltr'> </span> 
     </span>
    </p>
   </div>
   <div class='ocr_carea' id='block_1_6' title="bbox 158 2294 2687 2500">
    <p class='ocr_par' dir='ltr' id='par_1_7' title="bbox 158 2294 2687 2500">
     <span class='ocr_line' id='line_1_23' title="bbox 162 2294 2687 2387; baseline 0.008 -32"><span class='ocrx_word' id='word_1_202' title='bbox 162 2295 225 2356; x_wconf 93' lang='lat' dir='ltr'>in</span> <span class='ocrx_word' id='word_1_203' title='bbox 258 2294 461 2379; x_wconf 92' lang='lat' dir='ltr'>figura</span> <span class='ocrx_word' id='word_1_204' title='bbox 507 2319 689 2361; x_wconf 91' lang='lat' dir='ltr'>nova.</span> <span class='ocrx_word' id='word_1_205' title='bbox 792 2300 913 2362; x_wconf 92' lang='lat' dir='ltr'>Per</span> <span class='ocrx_word' id='word_1_206' title='bbox 958 2302 1245 2365; x_wconf 90' lang='lat' dir='ltr'>inversas</span> <span class='ocrx_word' id='word_1_207' title='bbox 1291 2305 1699 2387; x_wconf 83' lang='lat' dir='ltr'>operationes</span> <span class='ocrx_word' id='word_1_208' title='bbox 1745 2303 2065 2371; x_wconf 90' lang='lat' dir='ltr'>lemmatis</span> <span class='ocrx_word' id='word_1_209' title='bbox 2111 2309 2441 2374; x_wconf 90' lang='lat' dir='ltr'>novissimi</span> <span class='ocrx_word' id='word_1_210' title='bbox 2488 2323 2687 2375; x_wconf 91' lang='lat' dir='ltr'>trans-</span> 
     </span>
     <span class='ocr_line' id='line_1_24' title="bbox 158 2395 2682 2500; baseline 0.008 -43"><span class='ocrx_word' id='word_1_211' title='bbox 158 2395 441 2459; x_wconf 83' lang='lat' dir='ltr'>ferantur</span> <span class='ocrx_word' id='word_1_212' title='bbox 501 2399 637 2462; x_wconf 84' lang='lat' dir='ltr'>haec</span> <span class='ocrx_word' id='word_1_213' title='bbox 696 2414 933 2482; x_wconf 93' lang='lat' dir='ltr'>puncta</span> <span class='ocrx_word' id='word_1_214' title='bbox 995 2402 1056 2465; x_wconf 92' lang='lat' dir='ltr'>in</span> <span class='ocrx_word' id='word_1_215' title='bbox 1120 2405 1390 2489; x_wconf 90' lang='lat' dir='ltr'>figuram</span> <span class='ocrx_word' id='word_1_216' title='bbox 1453 2407 1741 2488; x_wconf 83' lang='lat' dir='ltr'>primam,</span> <span class='ocrx_word' id='word_1_217' title='bbox 1806 2407 1869 2471; x_wconf 86' lang='lat'>&amp;</span> <span class='ocrx_word' id='word_1_218' title='bbox 1930 2409 2014 2472; x_wconf 93' lang='lat' dir='ltr'>ibi</span> <span class='ocrx_word' id='word_1_219' title='bbox 2081 2410 2223 2494; x_wconf 87' lang='lat' dir='ltr'>(per</span> <span class='ocrx_word' id='word_1_220' title='bbox 2279 2414 2457 2496; x_wconf 90' lang='lat' dir='ltr'>prob.</span> <span class='ocrx_word' id='word_1_221' title='bbox 2522 2413 2682 2500; x_wconf 86' lang='lat' dir='ltr'><strong>XIV.)</strong></span> 
     </span>
    </p>
   </div>
   <div class='ocr_carea' id='block_1_7' title="bbox 150 2497 2836 2692">
    <p class='ocr_par' dir='ltr' id='par_1_8' title="bbox 150 2497 2836 2720">
     <span class='ocr_line' id='line_1_25' title="bbox 159 2497 2836 2606; baseline 0.009 -48"><span class='ocrx_word' id='word_1_222' title='bbox 159 2497 552 2562; x_wconf 91' lang='lat' dir='ltr'>describetur</span> <span class='ocrx_word' id='word_1_223' title='bbox 595 2502 969 2585; x_wconf 89' lang='lat' dir='ltr'>trajectoria.</span> <span class='ocrx_word' id='word_1_224' title='bbox 1075 2504 1361 2581; x_wconf 76' lang='lat' dir='ltr'><strong><em>Q.E.F.</em></strong></span> <span class='ocrx_word' id='word_1_225' title='bbox 1467 2507 1791 2570; x_wconf 86' lang='lat' dir='ltr'>Caeterum</span> <span class='ocrx_word' id='word_1_226' title='bbox 1837 2510 2105 2591; x_wconf 85' lang='lat' dir='ltr'>perinde</span> <span class='ocrx_word' id='word_1_227' title='bbox 2151 2526 2222 2575; x_wconf 91' lang='lat' dir='ltr'>ut</span> <span class='ocrx_word' id='word_1_228' title='bbox 2265 2527 2503 2596; x_wconf 90' lang='lat' dir='ltr'>puncta</span> <span class='ocrx_word' id='word_1_229' title='bbox 2544 2538 2603 2590; x_wconf 85' lang='lat' dir='ltr'>a,</span> <span class='ocrx_word' id='word_1_230' title='bbox 2649 2516 2686 2579; x_wconf 90' lang='lat' dir='ltr'><em>b</em></span> <span class='ocrx_word' id='word_1_231' title='bbox 2784 2579 2786 2581; x_wconf 81' lang='grc'><em>,</em></span> <span class='ocrx_word' id='word_1_232' title='bbox 2827 2521 2836 2606; x_wconf 70' lang='grc' dir='ltr'>ξ</span> 
     </span>
     <span class='ocr_line' id='line_1_26' title="bbox 150 2599 2834 2692; baseline 0.008 -32"><span class='ocrx_word' id='word_1_233' title='bbox 150 2599 369 2681; x_wconf 89' lang='lat' dir='ltr'>jacent</span> <span class='ocrx_word' id='word_1_234' title='bbox 413 2600 516 2663; x_wconf 90' lang='lat' dir='ltr'>vel</span> <span class='ocrx_word' id='word_1_235' title='bbox 565 2603 729 2666; x_wconf 90' lang='lat' dir='ltr'>inter</span> <span class='ocrx_word' id='word_1_236' title='bbox 771 2618 1010 2686; x_wconf 93' lang='lat' dir='ltr'>puncta</span> <span class='ocrx_word' id='word_1_237' title='bbox 1037 2606 1097 2679; x_wconf 83' lang='lat' dir='ltr'>lz,</span> <span class='ocrx_word' id='word_1_238' title='bbox 1132 2608 1172 2680; x_wconf 85' lang='lat' dir='ltr'>l,</span> <span class='ocrx_word' id='word_1_239' title='bbox 1206 2606 1308 2670; x_wconf 89' lang='lat' dir='ltr'>vel</span> <span class='ocrx_word' id='word_1_240' title='bbox 1356 2621 1553 2682; x_wconf 87' lang='lat' dir='ltr'>extra,</span> <span class='ocrx_word' id='word_1_241' title='bbox 1588 2610 1830 2673; x_wconf 91' lang='lat' dir='ltr'>debent</span> <span class='ocrx_word' id='word_1_242' title='bbox 1873 2626 2111 2692; x_wconf 93' lang='lat' dir='ltr'>puncta</span> <span class='ocrx_word' id='word_1_243' title='bbox 2154 2635 2198 2686; x_wconf 88' lang='lat' dir='ltr'>c,</span> <span class='ocrx_word' id='word_1_244' title='bbox 2230 2614 2287 2687; x_wconf 87' lang='lat' dir='ltr'>d,</span> <span class='ocrx_word' id='word_1_245' title='bbox 2321 2638 2354 2677; x_wconf 84' lang='lat' dir='ltr'><em>e</em></span> <span class='ocrx_word' id='word_1_246' title='bbox 2385 2614 2489 2679; x_wconf 93' lang='lat' dir='ltr'>vel</span> <span class='ocrx_word' id='word_1_247' title='bbox 2522 2617 2687 2681; x_wconf 89' lang='lat' dir='ltr'>inter</span> <span class='ocrx_word' id='word_1_248' title='bbox 2780 2631 2782 2633; x_wconf 77' lang='grc'><strong><em>’</em></strong></span> <span class='ocrx_word' id='word_1_249' title='bbox 2827 2611 2834 2637; x_wconf 81' lang='lat'>‘</span> 
     </span>
    </p>
   </div>
   <div class='ocr_carea' id='block_1_8' title="bbox 158 2702 2685 2895">
    <p class='ocr_par' dir='ltr' id='par_1_9' title="bbox 158 2702 2685 2895">
     <span class='ocr_line' id='line_1_27' title="bbox 158 2702 2685 2791; baseline 0.008 -30"><span class='ocrx_word' id='word_1_250' title='bbox 158 2714 395 2781; x_wconf 93' lang='lat' dir='ltr'>puncta</span> <span class='ocrx_word' id='word_1_251' title='bbox 437 2702 495 2775; x_wconf 79' lang='lat' dir='ltr'>lz,</span> <span class='ocrx_word' id='word_1_252' title='bbox 530 2703 568 2775; x_wconf 75' lang='grc' dir='ltr'>ί,</span> <span class='ocrx_word' id='word_1_253' title='bbox 600 2705 658 2777; x_wconf 75' lang='lat' dir='ltr'>k,</span> <span class='ocrx_word' id='word_1_254' title='bbox 693 2706 733 2778; x_wconf 87' lang='lat' dir='ltr'>l,</span> <span class='ocrx_word' id='word_1_255' title='bbox 768 2706 924 2787; x_wconf 91' lang='lat' dir='ltr'>capi,</span> <span class='ocrx_word' id='word_1_256' title='bbox 958 2705 1062 2768; x_wconf 89' lang='lat' dir='ltr'>vel</span> <span class='ocrx_word' id='word_1_257' title='bbox 1109 2721 1304 2771; x_wconf 86' lang='lat' dir='ltr'>extra.</span> <span class='ocrx_word' id='word_1_258' title='bbox 1401 2709 1473 2771; x_wconf 90' lang='lat' dir='ltr'>Si</span> <span class='ocrx_word' id='word_1_259' title='bbox 1519 2724 1903 2791; x_wconf 93' lang='lat' dir='ltr'>punctorum</span> <span class='ocrx_word' id='word_1_260' title='bbox 1940 2734 1995 2786; x_wconf 82' lang='lat' dir='ltr'>a,</span> <span class='ocrx_word' id='word_1_261' title='bbox 2030 2713 2065 2774; x_wconf 93' lang='lat' dir='ltr'><em>b</em></span> <span class='ocrx_word' id='word_1_262' title='bbox 2095 2712 2469 2779; x_wconf 89' lang='lat' dir='ltr'>alterutrum</span> <span class='ocrx_word' id='word_1_263' title='bbox 2514 2717 2685 2782; x_wconf 91' lang='lat' dir='ltr'>cadit</span> 
     </span>
     <span class='ocr_line' id='line_1_28' title="bbox 160 2801 2286 2895; baseline 0.008 -34"><span class='ocrx_word' id='word_1_264' title='bbox 160 2801 323 2862; x_wconf 92' lang='lat' dir='ltr'>inter</span> <span class='ocrx_word' id='word_1_265' title='bbox 351 2815 587 2883; x_wconf 90' lang='lat' dir='ltr'>puncta</span> <span class='ocrx_word' id='word_1_266' title='bbox 615 2804 673 2877; x_wconf 79' lang='lat' dir='ltr'>lz,</span> <span class='ocrx_word' id='word_1_267' title='bbox 708 2806 749 2877; x_wconf 89' lang='lat' dir='ltr'>l,</span> <span class='ocrx_word' id='word_1_268' title='bbox 785 2805 846 2867; x_wconf 86' lang='lat'>&amp;</span> <span class='ocrx_word' id='word_1_269' title='bbox 876 2804 1146 2869; x_wconf 91' lang='lat' dir='ltr'>alterum</span> <span class='ocrx_word' id='word_1_270' title='bbox 1178 2821 1374 2882; x_wconf 84' lang='lat' dir='ltr'>extra,</span> <span class='ocrx_word' id='word_1_271' title='bbox 1409 2809 1740 2892; x_wconf 90' lang='lat' dir='ltr'>problema</span> <span class='ocrx_word' id='word_1_272' title='bbox 1772 2813 2142 2895; x_wconf 87' lang='lat' dir='ltr'>impossible</span> <span class='ocrx_word' id='word_1_273' title='bbox 2173 2830 2286 2880; x_wconf 92' lang='lat' dir='ltr'>est.</span> 
     </span>
    </p>
   </div>
   <div class='ocr_carea' id='block_1_9' title="bbox 357 3041 2485 3125">
    <p class='ocr_par' dir='ltr' id='par_1_10' title="bbox 357 3041 2485 3125">
     <span class='ocr_line' id='line_1_29' title="bbox 357 3041 2485 3125; baseline 0.01 -22"><span class='ocrx_word' id='word_1_274' title='bbox 357 3041 1001 3109; x_wconf 85' lang='lat' dir='ltr'><strong>PROPOSITIO</strong></span> <span class='ocrx_word' id='word_1_275' title='bbox 1081 3048 1381 3112; x_wconf 92' lang='lat' dir='ltr'>XXVI.</span> <span class='ocrx_word' id='word_1_276' title='bbox 1511 3051 2093 3119; x_wconf 90' lang='lat' dir='ltr'><strong>PROBLEMA</strong></span> <span class='ocrx_word' id='word_1_277' title='bbox 2175 3059 2485 3125; x_wconf 93' lang='lat' dir='ltr'><strong>XVIII.</strong></span> 
     </span>
    </p>
   </div>
   <div class='ocr_carea' id='block_1_10' title="bbox 169 3211 2846 3338">
    <p class='ocr_par' dir='ltr' id='par_1_11' title="bbox 169 3211 2846 3338">
     <span class='ocr_line' id='line_1_30' title="bbox 169 3211 2846 3338; baseline 0.011 -67"><span class='ocrx_word' id='word_1_278' title='bbox 169 3211 233 3271; x_wconf 87' lang='lat' dir='ltr'><em>T</em></span> <span class='ocrx_word' id='word_1_279' title='bbox 224 3211 625 3293; x_wconf 58' lang='lat' dir='ltr'>raykctorz‘am</span> <span class='ocrx_word' id='word_1_280' title='bbox 668 3215 1015 3300; x_wconf 54' lang='lat' dir='ltr'>describere„</span> <span class='ocrx_word' id='word_1_281' title='bbox 1054 3241 1196 3300; x_wconf 75' lang='lat' dir='ltr'>quae</span> <span class='ocrx_word' id='word_1_282' title='bbox 1236 3222 1540 3285; x_wconf 77' lang='lat' dir='ltr'>transibit</span> <span class='ocrx_word' id='word_1_283' title='bbox 1563 3232 1696 3306; x_wconf 77' lang='lat' dir='ltr'>per</span> <span class='ocrx_word' id='word_1_284' title='bbox 1718 3234 2039 3307; x_wconf 76' lang='lat' dir='ltr'>punctum</span> <span class='ocrx_word' id='word_1_285' title='bbox 2082 3229 2325 3309; x_wconf 85' lang='lat' dir='ltr'><em>datum,</em></span> <span class='ocrx_word' id='word_1_286' title='bbox 2363 3234 2447 3300; x_wconf 68' lang='lat'>&amp;³</span> <span class='ocrx_word' id='word_1_287' title='bbox 2490 3242 2685 3298; x_wconf 79' lang='lat' dir='ltr'><em>rectas</em></span> <span class='ocrx_word' id='word_1_288' title='bbox 2772 3247 2774 3251; x_wconf 79' lang='grc'>’</span> <span class='ocrx_word' id='word_1_289' title='bbox 2828 3215 2846 3338; x_wconf 25' lang='grc' dir='ltr'>’ἑ</span> 
     </span>
    </p>
   </div>
   <div class='ocr_carea' id='block_1_11' title="bbox 835 3337 1995 3424">
    <p class='ocr_par' dir='ltr' id='par_1_12' title="bbox 835 3337 1995 3424">
     <span class='ocr_line' id='line_1_31' title="bbox 835 3337 1995 3424; baseline 0.01 -31"><span class='ocrx_word' id='word_1_290' title='bbox 835 3340 1116 3414; x_wconf 81' lang='lat' dir='ltr'>quatuor</span> <span class='ocrx_word' id='word_1_291' title='bbox 1126 3337 1438 3417; x_wconf 76' lang='lat' dir='ltr'><em>positione</em></span> <span class='ocrx_word' id='word_1_292' title='bbox 1462 3339 1648 3403; x_wconf 83' lang='lat' dir='ltr'><em>datas</em></span> <span class='ocrx_word' id='word_1_293' title='bbox 1675 3342 1995 3424; x_wconf 78' lang='lat' dir='ltr'><em>continget.</em></span> 
     </span>
    </p>
   </div>
   <div class='ocr_carea' id='block_1_12' title="bbox 150 3493 2758 3999">
    <p class='ocr_par' dir='ltr' id='par_1_13' title="bbox 150 3493 2758 3999">
     <span class='ocr_line' id='line_1_32' title="bbox 273 3493 2758 3600; baseline 0.011 -45"><span class='ocrx_word' id='word_1_294' title='bbox 273 3493 385 3556; x_wconf 89' lang='lat' dir='ltr'>Ab</span> <span class='ocrx_word' id='word_1_295' title='bbox 438 3495 886 3561; x_wconf 87' lang='lat' dir='ltr'>intersectione</span> <span class='ocrx_word' id='word_1_296' title='bbox 946 3504 1266 3565; x_wconf 89' lang='lat' dir='ltr'>communi</span> <span class='ocrx_word' id='word_1_297' title='bbox 1328 3504 1598 3569; x_wconf 91' lang='lat' dir='ltr'>duarum</span> <span class='ocrx_word' id='word_1_298' title='bbox 1660 3509 2090 3591; x_wconf 92' lang='lat' dir='ltr'>quarumlibet</span> <span class='ocrx_word' id='word_1_299' title='bbox 2141 3517 2542 3600; x_wconf 86' lang='lat' dir='ltr'>tangentium</span> <span class='ocrx_word' id='word_1_300' title='bbox 2594 3516 2679 3580; x_wconf 89' lang='lat' dir='ltr'>ad</span> <span class='ocrx_word' id='word_1_301' title='bbox 2756 3519 2758 3521; x_wconf 67' lang='grc'><strong>’</strong></span> 
     </span>
     <span class='ocr_line' id='line_1_33' title="bbox 154 3594 2675 3696; baseline 0.01 -40"><span class='ocrx_word' id='word_1_302' title='bbox 154 3594 670 3660; x_wconf 91' lang='lat' dir='ltr'>intersectionem</span> <span class='ocrx_word' id='word_1_303' title='bbox 717 3621 1122 3663; x_wconf 91' lang='lat' dir='ltr'>communem</span> <span class='ocrx_word' id='word_1_304' title='bbox 1168 3601 1554 3686; x_wconf 91' lang='lat' dir='ltr'>reliquarum</span> <span class='ocrx_word' id='word_1_305' title='bbox 1600 3608 1870 3672; x_wconf 91' lang='lat' dir='ltr'>duarum</span> <span class='ocrx_word' id='word_1_306' title='bbox 1915 3626 2145 3696; x_wconf 87' lang='lat' dir='ltr'>agatur</span> <span class='ocrx_word' id='word_1_307' title='bbox 2188 3629 2362 3679; x_wconf 92' lang='lat' dir='ltr'>recta</span> <span class='ocrx_word' id='word_1_308' title='bbox 2414 3618 2675 3693; x_wconf 84' lang='lat' dir='ltr'>infinita,</span> 
     </span>
     <span class='ocr_line' id='line_1_34' title="bbox 153 3694 2692 3803; baseline 0.011 -46"><span class='ocrx_word' id='word_1_309' title='bbox 153 3694 216 3756; x_wconf 84' lang='lat'>&amp;</span> <span class='ocrx_word' id='word_1_310' title='bbox 268 3697 496 3759; x_wconf 92' lang='lat' dir='ltr'>eadem</span> <span class='ocrx_word' id='word_1_311' title='bbox 548 3720 666 3780; x_wconf 93' lang='lat' dir='ltr'>pro</span> <span class='ocrx_word' id='word_1_312' title='bbox 727 3701 906 3763; x_wconf 90' lang='lat' dir='ltr'>radio</span> <span class='ocrx_word' id='word_1_313' title='bbox 967 3702 1261 3766; x_wconf 92' lang='lat' dir='ltr'>ordinato</span> <span class='ocrx_word' id='word_1_314' title='bbox 1322 3706 1530 3786; x_wconf 94' lang='lat' dir='ltr'>primo</span> <span class='ocrx_word' id='word_1_315' title='bbox 1589 3709 1891 3787; x_wconf 90' lang='lat' dir='ltr'>adhibita,</span> <span class='ocrx_word' id='word_1_316' title='bbox 1955 3727 2416 3781; x_wconf 92' lang='lat' dir='ltr'>transmutetur</span> <span class='ocrx_word' id='word_1_317' title='bbox 2472 3719 2692 3803; x_wconf 77' lang='lat' dir='ltr'>figura-</span> 
     </span>
     <span class='ocr_line' id='line_1_35' title="bbox 154 3793 2675 3902; baseline 0.012 -47"><span class='ocrx_word' id='word_1_318' title='bbox 154 3793 296 3876; x_wconf 83' lang='lat' dir='ltr'>(per</span> <span class='ocrx_word' id='word_1_319' title='bbox 352 3794 495 3860; x_wconf 92' lang='lat' dir='ltr'>lem.</span> <span class='ocrx_word' id='word_1_320' title='bbox 563 3798 751 3883; x_wconf 86' lang='lat' dir='ltr'>xxn.)</span> <span class='ocrx_word' id='word_1_321' title='bbox 818 3801 881 3862; x_wconf 96' lang='lat' dir='ltr'>in</span> <span class='ocrx_word' id='word_1_322' title='bbox 943 3802 1213 3886; x_wconf 88' lang='lat' dir='ltr'>figuram</span> <span class='ocrx_word' id='word_1_323' title='bbox 1275 3827 1527 3882; x_wconf 88' lang='lat' dir='ltr'>novam,</span> <span class='ocrx_word' id='word_1_324' title='bbox 1592 3809 1655 3872; x_wconf 78' lang='grc' dir='ltr'>8ῑ</span> <span class='ocrx_word' id='word_1_325' title='bbox 1715 3824 2055 3897; x_wconf 88' lang='lat' dir='ltr'>tangentes</span> <span class='ocrx_word' id='word_1_326' title='bbox 2124 3818 2310 3894; x_wconf 86' lang='lat' dir='ltr'>binae,</span> <span class='ocrx_word' id='word_1_327' title='bbox 2378 3841 2527 3902; x_wconf 88' lang='lat' dir='ltr'>quae</span> <span class='ocrx_word' id='word_1_328' title='bbox 2590 3818 2675 3882; x_wconf 89' lang='lat' dir='ltr'>ad</span> 
     </span>
     <span class='ocr_line' id='line_1_36' title="bbox 150 3895 2756 3999; baseline 0.01 -42"><span class='ocrx_word' id='word_1_329' title='bbox 150 3895 394 3959; x_wconf 90' lang='lat' dir='ltr'>radium</span> <span class='ocrx_word' id='word_1_330' title='bbox 417 3898 782 3963; x_wconf 60' lang='lat' dir='ltr'>⁴ordinatum</span> <span class='ocrx_word' id='word_1_331' title='bbox 807 3902 1080 3984; x_wconf 90' lang='lat' dir='ltr'>primum</span> <span class='ocrx_word' id='word_1_332' title='bbox 1107 3909 1582 3984; x_wconf 89' lang='lat' dir='ltr'>concurrebant,</span> <span class='ocrx_word' id='word_1_333' title='bbox 1609 3912 1744 3995; x_wconf 88' lang='lat' dir='ltr'>jam</span> <span class='ocrx_word' id='word_1_334' title='bbox 1771 3914 2052 3978; x_wconf 92' lang='lat' dir='ltr'>evadent</span> <span class='ocrx_word' id='word_1_335' title='bbox 2074 3917 2409 3999; x_wconf 87' lang='lat' dir='ltr'>parallelae.</span> <span class='ocrx_word' id='word_1_336' title='bbox 2504 3920 2671 3983; x_wconf 87' lang='lat' dir='ltr'>Sun·</span> <span class='ocrx_word' id='word_1_337' title='bbox 2748 3932 2756 3987; x_wconf 74' lang='lat' dir='ltr'><strong><em>f</em></strong></span> 
     </span>
    </p>
   </div>
   <div class='ocr_carea' id='block_1_13' title="bbox 2733 0 2846 4224">
    <p class='ocr_par' dir='ltr' id='par_1_14' title="bbox 2733 0 2846 4224">
     <span class='ocr_line' id='line_1_37' title="bbox 2733 0 2846 4224; baseline 0 0"><span class='ocrx_word' id='word_1_338' title='bbox 2733 0 2846 4224; x_wconf 95' lang='lat' dir='ltr'> </span> 
     </span>
    </p>
   </div>
  </div>
 </body>
</html>
