2846 4224
0 0 175 282 Γ
1110 129 1348 177 LIBER
1381 130 1688 180 PRIMUS.
2536 163 2576 218 4
2583 161 2613 220 5

17 301 52 341 ⁴
187 294 395 358 vendo
425 306 705 379 tempore
748 290 972 371 quovis
1016 291 1325 362 describit,
1359 292 1600 353 medius
1643 306 1740 353 est
1782 296 2254 374 proportionalis
2299 301 2456 362 inter
2490 304 2616 364 dia-

39 389 44 396 ’
189 405 451 454 metrum
510 388 728 460 circuli,
791 388 851 449 &
910 388 1280 450 descensum
1339 391 1611 470 corporis
1670 391 1892 452 eadem
1950 393 2106 471 data,
2152 396 2216 455 vi
2275 398 2620 480 eodemque

189 503 467 569 tempore
496 487 778 548 cadendo
807 486 1171 548 confectum.

1241 704 1569 765 Scholz‘um.

301 871 500 931 Casus
530 866 828 929 corollarii
859 868 1018 929 sexti
1049 868 1290 930 obtinet
1320 870 1380 929 in
1412 870 1771 949 corporibus
1811 870 2184 952 coelestibuS‚
2222 873 2315 956 (ut
2344 897 2623 937 seorsum

188 969 566 1051 collegerunt
593 968 780 1029 etiam
821 981 1126 1028 nostrates
1179 968 1268 1027 W
1262 990 1505 1042 remma
1538 969 1822 1029 Hookz'us
1866 968 1926 1029 Sc
1969 971 2294 1046 Hallaeus)
2339 971 2398 1032 Sc
2442 995 2622 1052 prop-

188 1081 357 1130 terea
413 1088 553 1146 quae
604 1078 889 1145 spectant
940 1065 1020 1125 ad
1071 1065 1200 1125 vim
1245 1066 1649 1145 centripetam
1694 1066 2151 1128 decrescentem
2196 1069 2258 1128 in
2317 1069 2627 1148 duplicata

96 1186 103 1194 “
187 1165 421 1227 ratione
471 1164 902 1226 distantiarum
948 1185 987 1223 a
1032 1162 1273 1234 centriS,
1323 1162 1572 1223 decrevi
1622 1163 1818 1223 fusius
1865 1163 1926 1223 in
1986 1166 2391 1245 sequentibus
2439 1189 2626 1247 expo·

188 1285 350 1326 nere.

298 1361 490 1422 Porro
541 1359 948 1440 praecedentis
996 1357 1434 1438 propositionis
1488 1356 1548 1417 &
1599 1356 2057 1419 corollariorum
2116 1361 2250 1441 ejus
2300 1361 2618 1436 beneficio,

183 1457 489 1541 colligitur
534 1459 720 1519 etiam
773 1455 1093 1538 proportio
1150 1456 1247 1515 vis
1292 1455 1651 1534 centripetae
1695 1456 1776 1515 ad
1821 1456 1949 1516 vim
2002 1458 2344 1537 quamlibet
2390 1473 2619 1533 notam,

184 1557 382 1638 qualis
411 1568 508 1618 est
537 1578 612 1616 ea
639 1556 979 1637 gravitatis.
1106 1554 1275 1613 Nam
1322 1553 1373 1613 si
1418 1575 1642 1634 corpus
1679 1553 1741 1613 in
1774 1554 1997 1616 circulo
2028 1569 2207 1617 terrae
2239 1557 2624 1618 concentrico

182 1656 245 1716 vi
284 1655 607 1736 gravitatis
652 1675 782 1714 suae
828 1651 1200 1724 revolvatur,
1249 1651 1383 1712 haec
1425 1652 1700 1733 gravitas
1746 1665 1843 1712 est
1886 1652 2079 1732 ipsius
2123 1654 2219 1713 vis
2264 1656 2617 1735 centripeta.

188 1753 392 1813 Datur
447 1765 656 1812 autem
714 1773 794 1812 ex
851 1751 1152 1812 descensu
1211 1750 1498 1832 gravium
1558 1749 1619 1809 &
1677 1762 1923 1830 tempus
1982 1750 2381 1812 revolutionis
2426 1753 2621 1823 uniUS,

185 1850 246 1912 &
291 1873 467 1911 arcus
518 1851 666 1911 dato
717 1846 939 1930 quovis
992 1862 1271 1928 tempore
1323 1848 1684 1927 descriptuS,
1732 1870 1843 1927 per
1893 1847 2074 1929 hujus
2126 1848 2307 1909 corol.
2366 1850 2441 1911 ix.
2538 1851 2625 1911 Et

102 1943 109 1950 ’
184 1949 538 2030 hujusmodi
563 1947 1085 2028 propositionibus
1115 1947 1450 2027 Hugenz'us
1474 1946 1533 2006 in
1566 1946 1793 2007 eximio
1823 1967 1937 2006 suo
1968 1958 2228 2006 tractatu
2258 1947 2329 2006 de
2355 1948 2621 2008 Horolo-

171 2047 280 2128 gz'o
328 2047 715 2108 Oscz'llatorz‘o
754 2047 882 2106 vim
925 2045 1248 2126 gravitatis
1294 2066 1435 2105 cum
1482 2042 1935 2105 revolventium
1987 2043 2222 2103 viribus
2267 2044 2624 2126 centrifugis

102 2175 106 2178 ⁴
186 2143 457 2206 contulit.

303 2242 732 2303 Demonstrari
764 2242 950 2302 etiam
981 2254 1242 2320 possunt
1273 2240 1689 2319 praecedentia
1720 2241 1781 2299 in
1812 2240 1976 2299 hunc
2016 2240 2288 2300 modum.
2408 2242 2479 2300 In
2512 2241 2621 2301 cir-

185 2339 324 2401 culo
382 2340 604 2420 quovis
663 2339 925 2400 describi
986 2337 1365 2417 intelligatur
1435 2336 1819 2418 polygonum
1887 2335 2146 2415 laterum
2206 2350 2617 2417 quotcunque.

190 2438 278 2498 Et
334 2438 386 2497 si
438 2458 659 2516 corpus
712 2437 773 2496 in
825 2436 1120 2517 polygoni
1171 2434 1464 2495 lateribus
1523 2435 1671 2495 data
1723 2457 1862 2495 cum
1922 2434 2249 2496 velocitate
2310 2437 2624 2497 movendo

184 2535 265 2595 ad
309 2536 441 2616 ejus
486 2534 746 2616 angulos
791 2533 1069 2615 singulos
1114 2557 1152 2594 a
1195 2533 1422 2595 circulo
1467 2534 1852 2606 reflectatur;
1899 2534 2011 2605 viS,
2059 2555 2183 2613 qua
2227 2533 2485 2615 singulis
2531 2555 2621 2594 re-

139 2633 551 2710 *flexionibus
610 2632 896 2713 impingit
955 2632 1015 2692 in
1075 2631 1382 2703 circulum,
1444 2633 1559 2693 erit
1630 2644 1699 2692 ut
1770 2634 1905 2713 ejus
1964 2631 2298 2693 velocitas:
2360 2632 2625 2712 ideoque

184 2752 427 2791 summa
464 2731 687 2791 virium
720 2731 780 2790 in
812 2730 960 2790 dato
1004 2742 1286 2809 tempore
1330 2730 1445 2790 erit
1488 2743 1557 2789 ut
1599 2728 1893 2790 velocitas
1939 2728 2054 2802 illa,
2089 2729 2149 2789 8ε
2194 2751 2486 2790 numerus
2532 2751 2621 2789 re-

184 2828 519 2890 flexionum
563 2828 978 2909 conjunctim:
1025 2828 1142 2888 hoc
1186 2841 1282 2888 est
1330 2827 1404 2908 (si
1451 2826 1834 2909 polygonum
1879 2828 2061 2888 detur
2105 2826 2332 2909 specie)
2381 2840 2450 2887 ut
2493 2826 2621 2888 lon-

115 2979 118 2982 ⁴
184 2926 403 3007 gitudo
447 2927 595 2987 dato
640 2925 743 2986 illo
788 2939 1069 3007 tempore
1100 2926 1425 3009 descripta,
1461 2925 1521 2985 &
1565 2938 1746 2986 aucta
1788 2924 1889 2986 vel
1935 2926 2238 2985 diminuta
2282 2926 2343 2985 in
2390 2925 2625 2985 ratione

185 3023 584 3106 longitudinis
615 3025 895 3105 ejusdem
926 3026 1005 3084 ad
1037 3024 1241 3085 circuli
1273 3024 1550 3104 praedicti
1582 3024 1821 3084 radium
1849 3048 1860 3096 ;
1908 3023 1970 3083 id
2015 3036 2123 3094 est,
2157 3036 2226 3083 ut
2255 3023 2623 3102 quadratum

185 3119 586 3203 longitudinis
644 3121 803 3182 illius
861 3122 1237 3202 applicatum
1296 3122 1376 3181 ad
1437 3122 1716 3182 radium:
1792 3122 2072 3201 ideoque,
2132 3122 2184 3181 si
2244 3121 2623 3202 polygonum

87 3274 92 3278 .
187 3218 479 3282 lateribus
521 3221 757 3283 infinite
800 3221 1118 3281 diminutis
1150 3221 1458 3281 coincidat
1487 3242 1626 3280 cum
1659 3218 1897 3291 circulo,
1931 3233 1999 3279 ut
2043 3219 2413 3299 quadratum
2449 3240 2623 3278 arcus

188 3318 335 3378 dato
364 3331 643 3398 tempore
672 3319 962 3398 descripti
987 3319 1362 3400 applicatum
1387 3320 1466 3379 ad
1492 3319 1746 3379 radium.
1832 3319 1992 3378 Haec
2015 3330 2111 3378 est
2140 3317 2234 3377 vis
2266 3316 2620 3397 centrifuga,

190 3436 313 3494 qua
362 3437 583 3495 corpus
633 3430 814 3498 urget
864 3416 1194 3488 circulum;
1249 3417 1309 3477 &
1354 3417 1495 3477 huic
1546 3415 1803 3498 aequalis
1855 3429 1951 3477 est
1996 3416 2092 3476 vis
2137 3415 2454 3487 contraria,
2501 3436 2624 3494 qua

191 3512 447 3574 circulus
477 3514 767 3577 continuo
798 3514 1038 3596 repellit
1069 3538 1292 3596 corpus
1324 3528 1604 3576 centrum
1635 3537 1869 3576 versus,
