2846 4224
173 137 194 177 1
205 120 291 179 06
999 114 1116 164 DE
1149 112 1270 164 Mo
1278 113 1383 164 TU
1413 112 1460 163 C
1463 111 1720 164 ORPOR
1731 113 1855 164 UM

942 334 1368 397 LEMMA
1451 332 1893 395 XXVIII.

159 495 383 556 Nulla
425 500 595 555 extat
601 491 837 575 figura
882 491 1077 554 ovalz‘s
1122 490 1302 572 cujus
1339 512 1506 562 area,
1542 488 1721 550 rectis
1745 495 1876 568 pro
1924 487 2133 549 lubitu
2176 488 2454 565 absczksa,
2471 490 2678 571 possit

230 618 358 691 per
382 609 754 691 aequatz'ones‘
769 629 1027 669 numero
1050 607 1465 668 terminorum
1487 626 1559 666 ac
1577 602 2032 665 dimensionum
2034 601 2277 684 finitas
2293 605 2681 686 generaliter

248 724 541 788 inveniri.

280 879 464 940 Intra
507 876 759 941 ovalem
805 877 992 940 detur
1036 890 1341 959 punctum
1387 874 1679 958 quodviS,
1723 874 1889 936 circa
1932 873 2109 956 quod
2154 895 2270 937 ceu
2315 873 2534 958 polum
2580 898 2674 939 re-

161 978 457 1042 volvatur
514 991 824 1060 perpetuo
884 976 1050 1040 linea
1109 990 1295 1050 recta,
1358 975 1653 1038 uniformi
1725 996 1870 1036 cum
1930 989 2125 1050 motu,
2189 975 2252 1039 &
2312 971 2554 1040 interea
2613 978 2678 1039 in

162 1093 334 1142 recta
365 1077 469 1140 illa
513 1091 702 1141 exeat
746 1092 1053 1159 punctum
1099 1075 1333 1139 mobile
1378 1076 1461 1138 de
1514 1073 1679 1157 polo,
1713 1089 2069 1159 pergatque
2113 1099 2369 1159 semper
2412 1100 2492 1140 ea
2533 1099 2678 1140 cum

156 1178 509 1252 velocitate,
572 1200 719 1260 quae
772 1179 855 1240 sit
914 1192 985 1240 ut
1030 1191 1220 1240 rectae
1282 1176 1445 1238 illius
1493 1177 1657 1238 intra
1701 1175 1954 1239 ovalem
2001 1178 2401 1260 quadratum.
2531 1179 2680 1244 Hoc

163 1293 338 1341 motu
377 1292 683 1360 punctum
731 1277 883 1340 illud
930 1279 1248 1341 describet
1293 1276 1592 1361 spiralem
1638 1278 1814 1361 gyris
1862 1277 2137 1343 infinitis.
2228 1280 2375 1362 Jam
2422 1280 2475 1343 si
2511 1303 2679 1345 areae

161 1379 363 1443 ovalis
405 1402 444 1441 a
484 1393 655 1442 recta
703 1378 807 1441 illa
851 1380 1150 1441 abscissae
1196 1380 1405 1461 portio
1459 1400 1575 1460 per
1627 1378 1871 1440 finitam
1925 1380 2355 1461 aequationem
2410 1381 2715 1455 inveniri¹

161 1493 392 1562 potest,
435 1480 795 1542 invenietur
838 1481 1030 1542 etiam
1072 1502 1188 1562 per
1232 1480 1505 1542 eandem
1552 1479 1981 1561 aequationem
2029 1481 2335 1544 distantia
2378 1483 2596 1565 puncti
2642 1505 2683 1546 a

161 1580 325 1663 polo,
360 1603 506 1663 quae
538 1580 683 1642 huic
713 1603 878 1642 areae
924 1581 1416 1663 proportionalis
1448 1594 1561 1655 est,
1598 1580 1874 1664 ideoque
1919 1582 2136 1644 omnia
2165 1581 2414 1664 spiralis
2445 1596 2685 1665 puncta

161 1704 277 1764 per
335 1682 763 1764 aequationem
817 1682 1059 1744 finitam
1121 1683 1389 1745 inveniri
1442 1694 1759 1765 possunt:
1826 1681 1888 1744 &
1941 1696 2281 1765 propterea
2332 1697 2523 1747 rectae
2576 1706 2680 1753 cu-‚

153 1784 360 1867 jusvis
391 1783 707 1864 positione
738 1783 907 1845 datae
940 1784 1301 1847 intersectio
1347 1805 1492 1846 cum
1537 1782 1752 1866 spirali
1800 1784 2070 1846 inveniri
2101 1785 2295 1847 etiam
2326 1798 2541 1868 potest
2569 1807 2686 1868 per

163 1884 588 1966 aequationem
636 1883 894 1946 finitam.
1019 1884 1225 1967 Atqui
1271 1898 1444 1947 recta
1487 1885 1696 1947 omnis
1742 1884 1987 1948 infinite
2031 1886 2343 1967 producta
2385 1886 2685 1969 spiralem

161 1998 334 2047 secat
387 1985 449 2046 in
502 1985 753 2066 punctis
800 2006 1065 2048 numero
1112 1985 1388 2060 infinitis,
1439 1985 1501 2048 &
1547 1986 1842 2069 aequatio,
1891 2009 2020 2070 qua
2065 1988 2429 2052 intersectio
2473 1986 2686 2071 aliqua

162 2087 430 2147 duarum
505 2084 812 2147 linearum
889 2086 1221 2161 invenitur,
1286 2087 1549 2150 exhibet
1622 2110 1842 2150 earum
1920 2089 2401 2153 intersectiones
2460 2112 2686 2154 omnes

163 2187 479 2248 radicibus
540 2187 824 2261 totidem,
879 2188 1153 2270 ideoque
1212 2188 1503 2251 ascendit
1550 2189 1634 2251 ad
1683 2203 1779 2252 tot
1827 2189 2260 2254 dimensiones
2321 2205 2480 2274 quot
2537 2206 2688 2255 sunt

165 2288 661 2351 intersectiones,
788 2289 1114 2369 Quoniam
1168 2289 1380 2351 circuli
1436 2290 1567 2353 duo
1619 2313 1690 2354 se
1743 2305 1967 2356 mutuo
2026 2306 2248 2356 secant
2309 2293 2372 2356 in
2433 2295 2687 2376 punctis

162 2388 428 2462 duobuS,
464 2390 827 2453 intersectio
872 2413 999 2452 una
1045 2412 1173 2453 non
1208 2391 1569 2454 invenietur
1614 2393 1733 2455 nisi
1780 2415 1897 2476 per
1940 2395 2371 2477 aequationem
2416 2396 2687 2458 duarum

164 2489 650 2564 dimensionum,
714 2513 842 2572 qua
905 2492 1270 2555 intersectio
1329 2491 1529 2555 altera
1589 2494 1782 2556 etiam
1845 2496 2222 2559 inveniatur.
2361 2496 2687 2577 Quoniam

166 2590 437 2652 duarum
488 2592 842 2654 sectionum
905 2594 1267 2656 conicarum
1328 2608 1604 2676 quatuor
1655 2618 1798 2659 esse
1857 2598 2130 2679 possunt
2190 2598 2686 2673 intersectioneS,

167 2713 293 2754 non
346 2705 558 2773 potest
610 2692 822 2775 aliqua
882 2716 1102 2756 earum
1161 2694 1550 2778 generaliter
1609 2697 1879 2759 inveniri
1930 2699 2050 2760 nisi
2097 2720 2214 2780 per
2258 2699 2688 2781 aequationem

167 2806 438 2874 quatuor
458 2794 954 2869 dimensionum,
989 2818 1118 2878 qua
1162 2818 1388 2859 omnes
1435 2796 1622 2858 simul
1678 2798 2100 2862 inveniantur.
2199 2799 2374 2861 Nam
2419 2800 2473 2862 si
2498 2800 2687 2863 inter-

166 2894 480 2956 sectiones
529 2893 650 2957 illae
703 2898 970 2958 seorsim
1019 2912 1400 2979 quaerantur,
1458 2900 1762 2981 quoniam
1816 2901 2044 2964 eadem
2093 2915 2194 2964 est
2240 2902 2526 2965 omnium
2551 2982 2555 2985 ἡ
2585 2900 2691 2966 lex

168 2993 230 3056 Sc
282 2995 576 3069 conditi0,
626 2996 795 3058 idem
841 2998 960 3060 erit
1004 2998 1278 3062 calculus
1326 3001 1388 3062 in
1439 3023 1589 3063 casu
1636 3024 2042 3086 unoquoque,
2095 3002 2157 3065 ἃ
2201 3017 2542 3086 propterea
2585 3026 2688 3067 ea-

168 3096 317 3158 dem
363 3119 617 3178 semper
668 3097 1003 3173 conclusio,
1038 3124 1182 3183 quae
1231 3103 1423 3186 igitur
1466 3103 1661 3167 debet
1706 3127 1931 3168 omnes
1978 3106 2459 3170 intersectiones
2503 3102 2690 3167 simul

170 3195 506 3278 complecti
570 3198 632 3260 &
694 3199 1127 3264 indifferenter
1199 3204 1519 3268 exhibere.
1666 3206 1864 3269 Unde
1939 3207 2133 3269 etiam
2210 3207 2691 3270 intersectiones
2781 3202 2783 3205 ⁸

168 3298 520 3360 sectionum
582 3300 941 3362 conicarum
1004 3302 1066 3364 &
1126 3326 1464 3367 curvarum
1525 3307 1729 3369 tertiae
1790 3309 2146 3389 potestatiS,
2210 3330 2290 3371 eo
2351 3308 2527 3390 quod
2572 3330 2687 3371 sex

169 3419 312 3459 esse
386 3413 672 3479 possunt,
735 3401 921 3462 simul
992 3405 1310 3484 prodeunt
1369 3430 1485 3489 per
1558 3409 1955 3490 aequationes
2015 3432 2131 3472 sex
2196 3410 2686 3484 dimensionum,

171 3497 234 3560 81
265 3498 744 3562 intersectiones
777 3502 1046 3564 duarum
1089 3527 1425 3568 curvarum
1464 3509 1668 3571 tertiae
1710 3511 2064 3591 potestatiS,
2098 3512 2250 3594 quia
2281 3533 2515 3574 novem
2546 3533 2690 3574 esse

170 3611 454 3680 possunt,
498 3599 685 3661 simul
747 3602 1066 3683 prodeunt
1110 3628 1225 3686 per
1268 3610 1664 3689 aequationes
1710 3611 2182 3674 dimensionum
2229 3634 2481 3676 novem.
2610 3611 2688 3675 Id

167 3699 285 3760 nisi
347 3701 705 3763 necessario
757 3701 952 3777 fieret,
1004 3705 1306 3769 reducere
1366 3707 1582 3772 liceret
1634 3710 2033 3792 problemata
2080 3714 2297 3777 omnia
2347 3712 2554 3777 solida
2604 3712 2688 3775 ad

168 3798 372 3881 plana,
408 3800 470 3863 &
514 3799 851 3885 plusquam
897 3802 1101 3867 solida
1145 3807 1226 3867 ad
1273 3807 1491 3872 solida.
1593 3812 1854 3894 Loquor
1883 3814 1984 3877 hic
2016 3815 2099 3877 de
2129 3815 2339 3878 curvis
2371 3827 2690 3898 potestate

170 3901 685 3966 irreducibilibuS.
816 3904 987 3967 Nam
1058 3907 1108 3967 si
1180 3909 1470 3990 aequatio,
1535 3933 1650 3992 per
1718 3935 1911 3995 quam
1974 3938 2168 3979 curva
2228 3916 2543 3990 definitur,
2605 3914 2688 3978 ad

2820 3954 2831 4011 »xv-⁷

2821 4021 2846 4224 ”rvtf‘t
