2852 4250
217 155 259 214 4
271 156 292 196 1
308 155 340 197 2
1145 138 1265 188 DE
1297 138 1375 189 M
1378 136 1587 190 UNDI
1610 137 1658 190 S
1666 137 1970 222 YSTEAIIA
1978 140 2077 191 TE

213 326 402 367 axem
434 326 620 367 suum
651 304 1049 368 uniformiter
1092 303 1483 368 revolventis
1528 304 1668 367 dies
1713 318 2077 370 menstruus
2120 319 2266 374 est:
2311 309 2500 396 hujus
2529 311 2724 379 facies

215 403 443 466 eadem
510 403 874 468 ulteriorem
948 402 1316 467 umbilicum
1390 404 1561 467 orbis
1614 405 1754 488 ejus
1806 428 2063 488 semper
2134 409 2430 492 respiciet
2501 435 2723 496 quam-

213 505 518 585 proxime,
565 505 627 567 &
676 517 1015 587 propterea
1066 527 1183 585 pro
1232 505 1357 566 situ
1412 503 1691 567 umbilici
1740 503 1904 568 illius
1954 507 2240 571 deviabit
2287 510 2432 574 hinc
2485 513 2635 577 inde
2685 537 2726 577 a

213 618 396 668 terra.
497 587 662 668 Haec
715 618 815 667 est
865 605 1116 667 libratio
1168 602 1336 667 lunae
1399 604 1462 666 in
1523 602 2007 689 longitudinem.
2132 608 2306 672 Nam
2358 610 2611 677 libratio
2659 615 2724 678 in

212 701 612 766 latitudinem
665 717 806 766 orta
852 716 952 766 est
999 726 1081 766 ex
1129 703 1465 766 latitudine
1507 703 1674 768 lunae
1727 706 1789 768 ἃ
1838 705 2245 784 inclinatione
2285 711 2424 773 axis
2472 713 2609 796 ejus
2641 713 2726 776 ad

211 802 470 885 planum
503 803 825 885 eclipticae.
926 804 1117 866 Hanc
1147 803 1498 868 librationis
1529 805 1766 870 lunaris
1808 808 2119 872 theoriam
2157 811 2238 875 D.
2271 812 2365 876 JV.
2397 813 2733 877 Mercator

210 904 273 965 in
335 905 723 967 astronomia
781 926 911 978 sua,
962 904 1140 967 initio
1199 906 1348 967 anni
1419 912 1580 986 1676
1642 908 1830 983 edita,
1886 932 1968 972 ex
2019 909 2216 974 literis
2264 913 2424 975 meis
2476 912 2725 996 plenius

210 1004 521 1085 exposuit.
645 1003 850 1066 Simili
900 1017 1078 1066 motu
1140 1008 1416 1070 extimus
1470 1010 1713 1071 saturni
1766 1010 2020 1074 satelles
2081 1013 2247 1075 circa
2297 1036 2486 1076 axem
2538 1037 2725 1079 suum

163 1167 175 1179 ,
208 1102 453 1166 revolvi
484 1104 753 1178 videtur,
789 1105 1016 1167 eadem
1049 1107 1147 1168 sui
1179 1106 1339 1170 facie
1384 1122 1716 1172 saturnum
1749 1125 2062 1194 perpetuo
2093 1113 2452 1196 respiciens,
2549 1115 2725 1178 Nam

206 1204 440 1265 circum
493 1217 825 1268 saturnum
876 1204 1289 1284 revolvendO,
1341 1210 1593 1291 quoties
1642 1211 1725 1272 ad
1779 1213 1952 1297 orbis
2006 1214 2103 1275 sui
2153 1228 2400 1296 partem
2449 1217 2722 1280 orienta-

206 1301 332 1366 lem
379 1306 639 1380 accedit,
674 1307 1010 1390 aegerrime
1056 1307 1314 1369 videtur
1363 1309 1425 1371 &
1469 1308 1848 1394 plerumque
1893 1314 2098 1376 videri
2144 1329 2391 1380 cessat:
2438 1316 2503 1378 id
2550 1317 2726 1400 quod

207 1406 465 1468 evenire
496 1419 710 1488 potest
741 1430 856 1489 per
886 1406 1167 1469 maculas
1200 1410 1514 1491 quasdam
1565 1412 1627 1474 in
1679 1435 1756 1474 ea
1805 1415 2086 1495 corporis
2132 1430 2314 1497 parte
2360 1439 2506 1500 quae
2537 1431 2746 1499 terrae,

208 1518 359 1567 tunc
419 1508 789 1581 obvertitur,
845 1522 916 1570 ut
981 1510 1286 1572 Cassinus
1345 1513 1607 1575 notavit.
1733 1514 1939 1577 Simili
1993 1517 2186 1579 etiam
2239 1532 2416 1582 motu
2470 1510 2726 1583 satelles

205 1607 483 1668 extimus
506 1608 764 1691 jovialis
810 1609 975 1671 circa
1019 1633 1208 1672 axem
1255 1634 1441 1674 suum
1489 1613 1732 1677 revolvi
1779 1616 2049 1691 videtur,
2083 1633 2423 1701 propterea
2454 1622 2628 1703 quod
2661 1622 2725 1684 in

208 1720 390 1787 parte
423 1708 703 1789 corporis
726 1710 865 1792 jovi
897 1732 1126 1773 aversa
1174 1712 1486 1775 maculam
1536 1715 1771 1778 habeat
1816 1739 1962 1799 quae
2011 1732 2318 1801 tanquam
2351 1721 2412 1782 in
2461 1743 2726 1804 corpore

192 1807 370 1889 jovis
431 1809 710 1870 cernitur
767 1810 1131 1894 ubicunque
1201 1813 1455 1877 satelles
1532 1816 1696 1879 inter
1744 1818 1967 1901 jovem
2044 1819 2107 1881 ἃ
2181 1820 2399 1884 oculos
2475 1835 2726 1886 nostros

203 1921 446 1971 translt.

448 2082 1097 2148 PROPOSITIO
1179 2086 1484 2151 XVIII.
1582 2089 2200 2155 THEOREMA
2282 2093 2489 2159 XVI.

205 2237 275 2297 A
279 2260 386 2299 xes
398 2238 819 2318 planetarum
856 2241 1185 2305 diametris
1218 2266 1360 2325 qnae
1399 2245 1492 2305 ad
1526 2246 1750 2308 eosdem
1795 2269 1939 2310 axes
1981 2249 2363 2312 normaliter
2401 2250 2732 2315 ducuntur

1245 2359 1514 2422 minores
1542 2384 1670 2424 esse.

327 2507 607 2572 Planetae
640 2511 892 2574 sublato
941 2513 1115 2574 omni
1163 2528 1338 2576 motu
1389 2515 1672 2579 circulari
1726 2517 1955 2581 diurno
2009 2518 2278 2603 figuram
2326 2521 2721 2603 sphaericam,

200 2609 284 2670 ob
332 2610 646 2691 aequalem
702 2613 987 2694 undique
1040 2616 1315 2695 partium
1369 2619 1769 2700 gravitatem,
1814 2621 2111 2683 affectare
2159 2622 2484 2685 deberent.
2605 2623 2728 2686 Per
2770 2701 2774 2706 ,

200 2724 448 2771 motum
484 2711 656 2772 illum
691 2713 1057 2776 circularem
1106 2716 1177 2777 fit
1222 2731 1291 2779 ut
1336 2731 1551 2798 partes
1597 2720 1679 2781 ab
1725 2743 1846 2782 axe
1892 2722 2264 2785 recedentes
2285 2725 2474 2807 juxta
2509 2747 2723 2808 aequa-

201 2824 405 2872 torem
469 2814 818 2875 ascendere
880 2829 1201 2878 conentur.
1329 2818 1616 2900 Ideoque
1666 2822 1931 2883 materia
1978 2823 2030 2884 si
2086 2823 2280 2886 fluida
2327 2826 2410 2887 sit
2457 2848 2724 2889 ascensu

199 2932 316 2971 suo
356 2911 437 2971 ad
471 2927 863 2993 aequatorem
911 2917 1256 2979 diametros
1304 2918 1664 3002 adaugebit,
1699 2943 1888 2984 axem
1933 2946 2089 2986 vero
2134 2925 2446 2989 descensu
2493 2950 2609 2990 suo
2641 2928 2724 2990 ad

201 3011 385 3094 polos
440 3014 767 3077 diminuet.
863 3017 972 3079 Sic
1015 3019 1189 3101 jovis
1238 3019 1552 3082 diameter
1598 3021 2165 3105 (consentientibus
2214 3041 2725 3091 astronomorum

204 3112 786 3223 observationibus)
824 3117 1081 3180 brevior
1125 3120 1630 3202 deprehenditur
1675 3125 1839 3186 inter
1881 3125 2065 3207 polos
2111 3149 2304 3209 quam
2350 3129 2432 3190 ab
2478 3130 2724 3193 oriente

208 3212 271 3272 in
327 3213 740 3275 occidentem.
860 3216 1115 3279 Eodem
1171 3235 1569 3302 argumento,
1626 3224 1747 3285 nisi
1802 3238 1970 3287 terra
2023 3240 2241 3289 nostra
2292 3227 2485 3309 paulo
2538 3228 2726 3292 altior
2805 3241 2852 3312 33¹·

199 3327 373 3375 esset
422 3313 541 3375 sub
596 3330 921 3397 aequatore
976 3342 1170 3400 quam
1217 3322 1299 3383 ad
1354 3323 1556 3404 polos,
1602 3327 1801 3388 maria
1846 3327 1928 3388 ad
1974 3327 2158 3409 polos
2203 3330 2624 3406 subsiderent,
2660 3331 2722 3394 &

191 3415 380 3498 juxta
410 3428 803 3496 aequatorem
836 3421 1250 3485 ascendendo
1285 3424 1367 3486 ibi
1403 3427 1622 3488 omnia
1654 3427 2050 3494 inundarent.

523 3602 1169 3669 PROPOSITIO
1250 3610 1509 3674 XIX„
1577 3613 2161 3685 PROBLEMA
2244 3619 2393 3683 III.

198 3758 500 3819 Invenire
509 3760 984 3840 proportionem
1014 3763 1154 3824 axis
1167 3765 1449 3844 planetae
1473 3768 1566 3829 aa'
1586 3768 1922 3834 diametros
1941 3772 2131 3834 eidem
2146 3774 2712 3855 perpendiculares.

308 3914 712 3978 Norwooa'us
735 3928 952 3979 noster
974 3917 1138 3980 circa
1156 3940 1395 3982 annum
1436 3942 1458 3983 1
1473 3926 1510 3983 6
1517 3943 1551 4002 3
1562 3941 1593 4002 5
1623 3927 2054 3991 mensurando
2077 3927 2445 3992 distantiam
2468 3930 2709 4012 pedum

2835 1866 2852 2074 ‘'v‘tflffl

2828 2344 2842 2417 «Ἦν
2829 2309 2836 2316 ·
2837 2250 2849 2266 ,
2833 2168 2840 2181 α

2832 2961 2842 3190 ,-...—,..-.,-—q
2829 2651 2845 2942 ⁴..aeffiv-mv-
2828 2534 2844 2642 ’ξε-Ἴ.
2829 2489 2839 2518 ὀ
2831 2462 2838 2475 o
2832 2433 2838 2450 a—

2805 3148 2852 3238 li}

2848 3278 2852 3314 Ι

2804 3326 2852 3434 ‚⁵1¹
