<?xml version="1.0" encoding="UTF-8"?>
<!DOCTYPE html PUBLIC "-//W3C//DTD XHTML 1.0 Transitional//EN"
    "http://www.w3.org/TR/xhtml1/DTD/xhtml1-transitional.dtd">
<html xmlns="http://www.w3.org/1999/xhtml" xml:lang="en" lang="en">
 <head>
  <title>
</title>
<meta http-equiv="Content-Type" content="text/html;charset=utf-8" />
  <meta name='ocr-system' content='tesseract 3.04.00' />
  <meta name='ocr-capabilities' content='ocr_page ocr_carea ocr_par ocr_line ocrx_word'/>
</head>
<body>
  <div class='ocr_page' id='page_1' title='image "./principia00newtuoft_0320.png"; bbox 0 0 2852 4250; ppageno 0'>
   <div class='ocr_carea' id='block_1_1' title="bbox 203 136 1882 218">
    <p class='ocr_par' dir='ltr' id='par_1_1' title="bbox 203 136 1882 218">
     <span class='ocr_line' id='line_1_1' title="bbox 203 136 1882 218; baseline -0.006 -22"><span class='ocrx_word' id='word_1_1' title='bbox 203 156 233 196; x_wconf 88' lang='lat'><strong>2</strong></span> <span class='ocrx_word' id='word_1_2' title='bbox 248 141 324 218; x_wconf 85' lang='lat'>78</span> <span class='ocrx_word' id='word_1_3' title='bbox 1034 138 1151 187; x_wconf 85' lang='lat' dir='ltr'>DE</span> <span class='ocrx_word' id='word_1_4' title='bbox 1184 136 1423 189; x_wconf 68' lang='lat' dir='ltr'>Mors]</span> <span class='ocrx_word' id='word_1_5' title='bbox 1447 136 1756 188; x_wconf 72' lang='lat' dir='ltr'>coRPOR</span> <span class='ocrx_word' id='word_1_6' title='bbox 1766 136 1882 187; x_wconf 70' lang='grc' dir='ltr'>ΗΜ</span> 
     </span>
    </p>
   </div>
   <div class='ocr_carea' id='block_1_2' title="bbox 192 301 2706 988">
    <p class='ocr_par' dir='ltr' id='par_1_2' title="bbox 199 301 2702 486">
     <span class='ocr_line' id='line_1_2' title="bbox 202 301 2702 388; baseline 0 -19"><span class='ocrx_word' id='word_1_7' title='bbox 202 308 338 369; x_wconf 92' lang='lat' dir='ltr'>OS</span> <span class='ocrx_word' id='word_1_8' title='bbox 349 332 375 379; x_wconf 87' lang='lat'>,·</span> <span class='ocrx_word' id='word_1_9' title='bbox 419 319 672 388; x_wconf 92' lang='lat' dir='ltr'>tempus</span> <span class='ocrx_word' id='word_1_10' title='bbox 704 305 1050 367; x_wconf 87' lang='lat' dir='ltr'>descensus</span> <span class='ocrx_word' id='word_1_11' title='bbox 1083 305 1144 366; x_wconf 91' lang='lat' dir='ltr'>in</span> <span class='ocrx_word' id='word_1_12' title='bbox 1177 303 1391 386; x_wconf 88' lang='lat' dir='ltr'>spirali</span> <span class='ocrx_word' id='word_1_13' title='bbox 1424 303 1543 366; x_wconf 90' lang='lat' dir='ltr'>erit</span> <span class='ocrx_word' id='word_1_14' title='bbox 1589 303 1672 364; x_wconf 92' lang='lat' dir='ltr'>ad</span> <span class='ocrx_word' id='word_1_15' title='bbox 1727 316 1980 383; x_wconf 91' lang='lat' dir='ltr'>tempus</span> <span class='ocrx_word' id='word_1_16' title='bbox 2025 301 2370 366; x_wconf 89' lang='lat' dir='ltr'>descensus</span> <span class='ocrx_word' id='word_1_17' title='bbox 2419 303 2483 369; x_wconf 88' lang='lat' dir='ltr'>in</span> <span class='ocrx_word' id='word_1_18' title='bbox 2529 319 2702 371; x_wconf 89' lang='lat' dir='ltr'>recta</span> 
     </span>
     <span class='ocr_line' id='line_1_3' title="bbox 199 402 1952 486; baseline -0.002 -18"><span class='ocrx_word' id='word_1_19' title='bbox 199 408 259 468; x_wconf 89' lang='lat' dir='ltr'><em>S</em></span> <span class='ocrx_word' id='word_1_20' title='bbox 266 408 332 469; x_wconf 86' lang='lat' dir='ltr'><em>P</em></span> <span class='ocrx_word' id='word_1_21' title='bbox 362 408 425 470; x_wconf 91' lang='lat' dir='ltr'>in</span> <span class='ocrx_word' id='word_1_22' title='bbox 457 407 684 469; x_wconf 90' lang='lat' dir='ltr'>eadem</span> <span class='ocrx_word' id='word_1_23' title='bbox 716 404 821 467; x_wconf 88' lang='lat' dir='ltr'>illa</span> <span class='ocrx_word' id='word_1_24' title='bbox 850 405 1001 467; x_wconf 90' lang='lat' dir='ltr'>data</span> <span class='ocrx_word' id='word_1_25' title='bbox 1032 405 1289 477; x_wconf 91' lang='lat' dir='ltr'>ratione,</span> <span class='ocrx_word' id='word_1_26' title='bbox 1323 403 1720 486; x_wconf 89' lang='lat' dir='ltr'>proindeque</span> <span class='ocrx_word' id='word_1_27' title='bbox 1750 402 1952 464; x_wconf 90' lang='lat' dir='ltr'>datur.</span> 
     </span>
    </p>

    <p class='ocr_par' dir='ltr' id='par_1_3' title="bbox 192 502 2706 988">
     <span class='ocr_line' id='line_1_4' title="bbox 317 502 2701 585; baseline 0 -16"><span class='ocrx_word' id='word_1_28' title='bbox 317 507 520 569; x_wconf 82' lang='lat' dir='ltr'>Corol.</span> <span class='ocrx_word' id='word_1_29' title='bbox 559 511 629 568; x_wconf 88' lang='lat'>.6.</span> <span class='ocrx_word' id='word_1_30' title='bbox 679 506 751 568; x_wconf 91' lang='lat' dir='ltr'>Si</span> <span class='ocrx_word' id='word_1_31' title='bbox 782 518 1003 568; x_wconf 90' lang='lat' dir='ltr'>centro</span> <span class='ocrx_word' id='word_1_32' title='bbox 1033 506 1091 567; x_wconf 96' lang='lat' dir='ltr'><em>S</em></span> <span class='ocrx_word' id='word_1_33' title='bbox 1117 502 1464 566; x_wconf 89' lang='lat' dir='ltr'>intervallis</span> <span class='ocrx_word' id='word_1_34' title='bbox 1494 503 1745 565; x_wconf 93' lang='lat' dir='ltr'>duobus</span> <span class='ocrx_word' id='word_1_35' title='bbox 1770 503 2254 585; x_wconf 88' lang='lat' dir='ltr'>quibuscunque</span> <span class='ocrx_word' id='word_1_36' title='bbox 2284 503 2449 567; x_wconf 91' lang='lat' dir='ltr'>datis</span> <span class='ocrx_word' id='word_1_37' title='bbox 2469 505 2701 570; x_wconf 91' lang='lat' dir='ltr'>descri-</span> 
     </span>
     <span class='ocr_line' id='line_1_5' title="bbox 194 601 2703 690; baseline 0 -21"><span class='ocrx_word' id='word_1_38' title='bbox 194 607 427 669; x_wconf 85' lang='lat' dir='ltr'>bantur</span> <span class='ocrx_word' id='word_1_39' title='bbox 476 606 607 669; x_wconf 92' lang='lat' dir='ltr'>duo</span> <span class='ocrx_word' id='word_1_40' title='bbox 658 605 903 679; x_wconf 87' lang='lat' dir='ltr'>circuli;</span> <span class='ocrx_word' id='word_1_41' title='bbox 974 605 1036 666; x_wconf 85' lang='lat'>&amp;</span> <span class='ocrx_word' id='word_1_42' title='bbox 1089 604 1492 666; x_wconf 91' lang='lat' dir='ltr'>manentibus</span> <span class='ocrx_word' id='word_1_43' title='bbox 1545 603 1718 664; x_wconf 89' lang='lat' dir='ltr'>hisce</span> <span class='ocrx_word' id='word_1_44' title='bbox 1763 601 2024 676; x_wconf 84' lang='lat' dir='ltr'>circuliS,</span> <span class='ocrx_word' id='word_1_45' title='bbox 2058 616 2338 667; x_wconf 89' lang='lat' dir='ltr'>mutetur</span> <span class='ocrx_word' id='word_1_46' title='bbox 2379 618 2703 690; x_wconf 91' lang='lat' dir='ltr'>utcunque</span> 
     </span>
     <span class='ocr_line' id='line_1_6' title="bbox 192 703 2701 791; baseline 0 -22"><span class='ocrx_word' id='word_1_47' title='bbox 192 705 464 791; x_wconf 85' lang='lat' dir='ltr'>angulus</span> <span class='ocrx_word' id='word_1_48' title='bbox 505 728 696 788; x_wconf 91' lang='lat' dir='ltr'>quem</span> <span class='ocrx_word' id='word_1_49' title='bbox 743 703 989 786; x_wconf 90' lang='lat' dir='ltr'>spiralis</span> <span class='ocrx_word' id='word_1_50' title='bbox 1035 705 1318 766; x_wconf 92' lang='lat' dir='ltr'>continet</span> <span class='ocrx_word' id='word_1_51' title='bbox 1362 725 1505 764; x_wconf 92' lang='lat' dir='ltr'>cum</span> <span class='ocrx_word' id='word_1_52' title='bbox 1553 703 1732 765; x_wconf 91' lang='lat' dir='ltr'>radio</span> <span class='ocrx_word' id='word_1_53' title='bbox 1782 704 1929 780; x_wconf 86' lang='lat' dir='ltr'>PS</span> <span class='ocrx_word' id='word_1_54' title='bbox 1945 730 1963 766; x_wconf 94' lang='grc'>.·</span> <span class='ocrx_word' id='word_1_55' title='bbox 2009 725 2310 766; x_wconf 89' lang='lat' dir='ltr'>numerus</span> <span class='ocrx_word' id='word_1_56' title='bbox 2363 704 2701 771; x_wconf 90' lang='lat' dir='ltr'>revolutio-</span> 
     </span>
     <span class='ocr_line' id='line_1_7' title="bbox 193 802 2702 891; baseline 0.001 -23"><span class='ocrx_word' id='word_1_57' title='bbox 193 828 346 868; x_wconf 90' lang='lat' dir='ltr'>num</span> <span class='ocrx_word' id='word_1_58' title='bbox 388 828 546 888; x_wconf 89' lang='lat' dir='ltr'>quas</span> <span class='ocrx_word' id='word_1_59' title='bbox 587 827 815 886; x_wconf 91' lang='lat' dir='ltr'>corpus</span> <span class='ocrx_word' id='word_1_60' title='bbox 861 805 1025 866; x_wconf 91' lang='lat' dir='ltr'>intra</span> <span class='ocrx_word' id='word_1_61' title='bbox 1072 802 1445 866; x_wconf 88' lang='lat' dir='ltr'>circulorum</span> <span class='ocrx_word' id='word_1_62' title='bbox 1498 802 2051 878; x_wconf 83' lang='lat' dir='ltr'>circumferentias,</span> <span class='ocrx_word' id='word_1_63' title='bbox 2092 806 2422 888; x_wconf 88' lang='lat' dir='ltr'>pergendo</span> <span class='ocrx_word' id='word_1_64' title='bbox 2468 807 2530 868; x_wconf 91' lang='lat' dir='ltr'>in</span> <span class='ocrx_word' id='word_1_65' title='bbox 2576 809 2702 891; x_wconf 89' lang='lat' dir='ltr'>spi-</span> 
     </span>
     <span class='ocr_line' id='line_1_8' title="bbox 192 902 2706 988; baseline 0.001 -20"><span class='ocrx_word' id='word_1_66' title='bbox 192 905 304 969; x_wconf 92' lang='lat' dir='ltr'>rali</span> <span class='ocrx_word' id='word_1_67' title='bbox 352 929 392 968; x_wconf 91' lang='lat' dir='ltr'>a</span> <span class='ocrx_word' id='word_1_68' title='bbox 443 904 947 968; x_wconf 89' lang='lat' dir='ltr'>circumferentia</span> <span class='ocrx_word' id='word_1_69' title='bbox 1005 904 1088 965; x_wconf 91' lang='lat' dir='ltr'>ad</span> <span class='ocrx_word' id='word_1_70' title='bbox 1142 902 1727 977; x_wconf 89' lang='lat' dir='ltr'>circumferentiam,</span> <span class='ocrx_word' id='word_1_71' title='bbox 1790 903 2110 987; x_wconf 92' lang='lat' dir='ltr'>complere</span> <span class='ocrx_word' id='word_1_72' title='bbox 2169 918 2399 988; x_wconf 92' lang='lat' dir='ltr'>potest,</span> <span class='ocrx_word' id='word_1_73' title='bbox 2462 919 2562 970; x_wconf 93' lang='lat' dir='ltr'>est</span> <span class='ocrx_word' id='word_1_74' title='bbox 2633 923 2706 971; x_wconf 92' lang='lat' dir='ltr'>ut</span> 
     </span>
    </p>
   </div>
   <div class='ocr_carea' id='block_1_3' title="bbox 189 1007 2700 1150">
    <p class='ocr_par' dir='ltr' id='par_1_4' title="bbox 189 1007 2700 1150">
     <span class='ocr_line' id='line_1_9' title="bbox 189 1007 2700 1150; baseline 0.002 -32"><span class='ocrx_word' id='word_1_75' title='bbox 189 1007 338 1068; x_wconf 53' lang='grc' dir='ltr'>ΡΣ</span> <span class='ocrx_word' id='word_1_76' title='bbox 413 1056 552 1119; x_wconf 91' lang='lat' dir='ltr'>sive</span> <span class='ocrx_word' id='word_1_77' title='bbox 597 1068 668 1117; x_wconf 92' lang='lat' dir='ltr'>ut</span> <span class='ocrx_word' id='word_1_78' title='bbox 712 1068 983 1138; x_wconf 88' lang='lat' dir='ltr'>tangens</span> <span class='ocrx_word' id='word_1_79' title='bbox 1029 1053 1244 1138; x_wconf 86' lang='lat' dir='ltr'>anguli</span> <span class='ocrx_word' id='word_1_80' title='bbox 1289 1053 1449 1116; x_wconf 91' lang='lat' dir='ltr'>illius</span> <span class='ocrx_word' id='word_1_81' title='bbox 1492 1075 1685 1136; x_wconf 91' lang='lat' dir='ltr'>quem</span> <span class='ocrx_word' id='word_1_82' title='bbox 1727 1054 1974 1137; x_wconf 90' lang='lat' dir='ltr'>spiralis</span> <span class='ocrx_word' id='word_1_83' title='bbox 2011 1055 2294 1150; x_wconf 90' lang='lat' dir='ltr'>continet</span> <span class='ocrx_word' id='word_1_84' title='bbox 2345 1078 2489 1119; x_wconf 91' lang='lat' dir='ltr'>cum</span> <span class='ocrx_word' id='word_1_85' title='bbox 2521 1059 2700 1123; x_wconf 92' lang='lat' dir='ltr'>radio</span> 
     </span>
    </p>
   </div>
   <div class='ocr_carea' id='block_1_4' title="bbox 190 1092 2045 1274">
    <p class='ocr_par' dir='ltr' id='par_1_5' title="bbox 190 1092 2045 1274">
     <span class='ocr_line' id='line_1_10' title="bbox 190 1092 368 1173; baseline 0 -43"><span class='ocrx_word' id='word_1_86' title='bbox 190 1092 368 1173; x_wconf 72' lang='lat' dir='ltr'><em>-O—S‚</em></span> 
     </span>
     <span class='ocr_line' id='line_1_11' title="bbox 1904 1212 2045 1274; baseline -0.007 0"><span class='ocrx_word' id='word_1_87' title='bbox 1904 1212 2045 1274; x_wconf 86' lang='grc' dir='ltr'>ΟΡ</span> 
     </span>
    </p>
   </div>
   <div class='ocr_carea' id='block_1_5' title="bbox 186 1260 2696 1344">
    <p class='ocr_par' dir='ltr' id='par_1_6' title="bbox 186 1260 2696 1344">
     <span class='ocr_line' id='line_1_12' title="bbox 186 1260 2696 1344; baseline 0.002 -19"><span class='ocrx_word' id='word_1_88' title='bbox 186 1264 363 1336; x_wconf 90' lang='lat' dir='ltr'>PS,·</span> <span class='ocrx_word' id='word_1_89' title='bbox 409 1275 661 1344; x_wconf 94' lang='lat' dir='ltr'>tempus</span> <span class='ocrx_word' id='word_1_90' title='bbox 700 1284 856 1324; x_wconf 90' lang='lat' dir='ltr'>vero</span> <span class='ocrx_word' id='word_1_91' title='bbox 902 1260 1367 1323; x_wconf 89' lang='lat' dir='ltr'>revolutionum</span> <span class='ocrx_word' id='word_1_92' title='bbox 1410 1261 1757 1324; x_wconf 90' lang='lat' dir='ltr'>earundem</span> <span class='ocrx_word' id='word_1_93' title='bbox 1799 1274 1870 1323; x_wconf 91' lang='lat' dir='ltr'>ut</span> <span class='ocrx_word' id='word_1_94' title='bbox 1908 1299 2034 1306; x_wconf 92' lang='lat'>——</span> <span class='ocrx_word' id='word_1_95' title='bbox 2115 1263 2178 1325; x_wconf 93' lang='lat' dir='ltr'>id</span> <span class='ocrx_word' id='word_1_96' title='bbox 2225 1277 2339 1340; x_wconf 92' lang='lat' dir='ltr'>est,</span> <span class='ocrx_word' id='word_1_97' title='bbox 2373 1278 2444 1328; x_wconf 91' lang='lat' dir='ltr'>ut</span> <span class='ocrx_word' id='word_1_98' title='bbox 2473 1288 2696 1330; x_wconf 88' lang='lat' dir='ltr'>secans</span> 
     </span>
    </p>
   </div>
   <div class='ocr_carea' id='block_1_6' title="bbox 1906 1311 2070 1379">
    <p class='ocr_par' dir='ltr' id='par_1_7' title="bbox 1906 1311 2070 1379">
     <span class='ocr_line' id='line_1_13' title="bbox 1906 1311 2070 1379; baseline 0 0"><span class='ocrx_word' id='word_1_99' title='bbox 1906 1311 2070 1379; x_wconf 88' lang='lat' dir='ltr'>OS&#39;</span> 
     </span>
    </p>
   </div>
   <div class='ocr_carea' id='block_1_7' title="bbox 147 1396 2699 2104">
    <p class='ocr_par' dir='ltr' id='par_1_8' title="bbox 182 1396 2103 1503">
     <span class='ocr_line' id='line_1_14' title="bbox 182 1396 2103 1503; baseline -0.001 -22"><span class='ocrx_word' id='word_1_100' title='bbox 182 1418 397 1503; x_wconf 82' lang='lat' dir='ltr'>anguli</span> <span class='ocrx_word' id='word_1_101' title='bbox 428 1396 731 1502; x_wconf 89' lang='lat' dir='ltr'>ejusdem,</span> <span class='ocrx_word' id='word_1_102' title='bbox 765 1417 868 1480; x_wconf 95' lang='lat' dir='ltr'>vel</span> <span class='ocrx_word' id='word_1_103' title='bbox 900 1418 1092 1480; x_wconf 92' lang='lat' dir='ltr'>etiam</span> <span class='ocrx_word' id='word_1_104' title='bbox 1126 1417 1445 1498; x_wconf 90' lang='lat' dir='ltr'>reciproce</span> <span class='ocrx_word' id='word_1_105' title='bbox 1476 1430 1547 1479; x_wconf 91' lang='lat' dir='ltr'>ut</span> <span class='ocrx_word' id='word_1_106' title='bbox 1578 1417 1770 1479; x_wconf 90' lang='lat' dir='ltr'>medii</span> <span class='ocrx_word' id='word_1_107' title='bbox 1802 1417 2103 1481; x_wconf 81' lang='lat' dir='ltr'>densitas,</span> 
     </span>
    </p>

    <p class='ocr_par' dir='ltr' id='par_1_9' title="bbox 147 1517 2699 2104">
     <span class='ocr_line' id='line_1_15' title="bbox 304 1517 2692 1601; baseline 0.003 -20"><span class='ocrx_word' id='word_1_108' title='bbox 304 1520 507 1581; x_wconf 80' lang='lat' dir='ltr'>Corol.</span> <span class='ocrx_word' id='word_1_109' title='bbox 563 1536 613 1598; x_wconf 92' lang='lat'>7.</span> <span class='ocrx_word' id='word_1_110' title='bbox 666 1518 737 1580; x_wconf 87' lang='lat' dir='ltr'>Si</span> <span class='ocrx_word' id='word_1_111' title='bbox 763 1540 991 1600; x_wconf 90' lang='lat' dir='ltr'>corpus</span> <span class='ocrx_word' id='word_1_112' title='bbox 1024 1518 1086 1579; x_wconf 93' lang='lat' dir='ltr'>in</span> <span class='ocrx_word' id='word_1_113' title='bbox 1121 1517 1353 1593; x_wconf 91' lang='lat' dir='ltr'>medio,</span> <span class='ocrx_word' id='word_1_114' title='bbox 1379 1517 1557 1600; x_wconf 91' lang='lat' dir='ltr'>cujus</span> <span class='ocrx_word' id='word_1_115' title='bbox 1588 1517 1872 1579; x_wconf 90' lang='lat' dir='ltr'>densitas</span> <span class='ocrx_word' id='word_1_116' title='bbox 1896 1531 1996 1580; x_wconf 90' lang='lat' dir='ltr'>est</span> <span class='ocrx_word' id='word_1_117' title='bbox 2019 1519 2338 1601; x_wconf 90' lang='lat' dir='ltr'>reciproce</span> <span class='ocrx_word' id='word_1_118' title='bbox 2362 1535 2433 1584; x_wconf 93' lang='lat' dir='ltr'>ut</span> <span class='ocrx_word' id='word_1_119' title='bbox 2455 1523 2692 1587; x_wconf 90' lang='lat' dir='ltr'>distan-</span> 
     </span>
     <span class='ocr_line' id='line_1_16' title="bbox 183 1617 2698 1702; baseline 0.003 -21"><span class='ocrx_word' id='word_1_120' title='bbox 183 1620 271 1681; x_wconf 92' lang='lat' dir='ltr'>tia</span> <span class='ocrx_word' id='word_1_121' title='bbox 299 1618 581 1681; x_wconf 93' lang='lat' dir='ltr'>locorum</span> <span class='ocrx_word' id='word_1_122' title='bbox 613 1641 652 1680; x_wconf 90' lang='lat' dir='ltr'>a</span> <span class='ocrx_word' id='word_1_123' title='bbox 682 1631 917 1694; x_wconf 88' lang='lat' dir='ltr'>centr0,</span> <span class='ocrx_word' id='word_1_124' title='bbox 962 1617 1423 1681; x_wconf 86' lang='lat' dir='ltr'>revolutionem</span> <span class='ocrx_word' id='word_1_125' title='bbox 1467 1618 1530 1679; x_wconf 91' lang='lat' dir='ltr'>in</span> <span class='ocrx_word' id='word_1_126' title='bbox 1573 1640 1768 1679; x_wconf 92' lang='lat' dir='ltr'>curva</span> <span class='ocrx_word' id='word_1_127' title='bbox 1814 1641 2193 1702; x_wconf 91' lang='lat' dir='ltr'>quacunque</span> <span class='ocrx_word' id='word_1_128' title='bbox 2245 1623 2315 1683; x_wconf 99' lang='lat' dir='ltr'><em>A</em></span> <span class='ocrx_word' id='word_1_129' title='bbox 2341 1624 2491 1685; x_wconf 83' lang='grc' dir='ltr'>ΕΒ</span> <span class='ocrx_word' id='word_1_130' title='bbox 2534 1625 2698 1688; x_wconf 89' lang='lat' dir='ltr'>circa</span> 
     </span>
     <span class='ocr_line' id='line_1_17' title="bbox 182 1717 2695 1808; baseline 0.003 -26"><span class='ocrx_word' id='word_1_131' title='bbox 182 1732 468 1782; x_wconf 89' lang='lat' dir='ltr'>centrum</span> <span class='ocrx_word' id='word_1_132' title='bbox 507 1717 658 1781; x_wconf 92' lang='lat' dir='ltr'>illud</span> <span class='ocrx_word' id='word_1_133' title='bbox 704 1717 936 1791; x_wconf 88' lang='lat' dir='ltr'>fecerit,</span> <span class='ocrx_word' id='word_1_134' title='bbox 981 1718 1043 1780; x_wconf 83' lang='lat'>&amp;</span> <span class='ocrx_word' id='word_1_135' title='bbox 1089 1719 1334 1780; x_wconf 92' lang='lat' dir='ltr'>radium</span> <span class='ocrx_word' id='word_1_136' title='bbox 1381 1718 1656 1800; x_wconf 90' lang='lat' dir='ltr'>primum</span> <span class='ocrx_word' id='word_1_137' title='bbox 1699 1720 1769 1780; x_wconf 94' lang='lat' dir='ltr'><em>A</em></span> <span class='ocrx_word' id='word_1_138' title='bbox 1796 1721 1854 1781; x_wconf 91' lang='lat' dir='ltr'><em>S</em></span> <span class='ocrx_word' id='word_1_139' title='bbox 1887 1720 1950 1781; x_wconf 92' lang='lat' dir='ltr'>in</span> <span class='ocrx_word' id='word_1_140' title='bbox 1983 1722 2211 1784; x_wconf 95' lang='lat' dir='ltr'>eodem</span> <span class='ocrx_word' id='word_1_141' title='bbox 2242 1723 2479 1808; x_wconf 85' lang='lat' dir='ltr'>angulo</span> <span class='ocrx_word' id='word_1_142' title='bbox 2519 1748 2695 1789; x_wconf 91' lang='lat' dir='ltr'>secu-</span> 
     </span>
     <span class='ocr_line' id='line_1_18' title="bbox 181 1817 2692 1903; baseline 0.002 -20"><span class='ocrx_word' id='word_1_143' title='bbox 181 1820 302 1883; x_wconf 85' lang='lat' dir='ltr'>erit</span> <span class='ocrx_word' id='word_1_144' title='bbox 347 1821 409 1882; x_wconf 91' lang='lat' dir='ltr'>in</span> <span class='ocrx_word' id='word_1_145' title='bbox 441 1822 508 1883; x_wconf 89' lang='lat' dir='ltr'><em>B</em></span> <span class='ocrx_word' id='word_1_146' title='bbox 552 1842 681 1902; x_wconf 91' lang='lat' dir='ltr'>quo</span> <span class='ocrx_word' id='word_1_147' title='bbox 726 1820 900 1901; x_wconf 88' lang='lat' dir='ltr'>prius</span> <span class='ocrx_word' id='word_1_148' title='bbox 948 1819 1010 1880; x_wconf 91' lang='lat' dir='ltr'>in</span> <span class='ocrx_word' id='word_1_149' title='bbox 1040 1820 1134 1893; x_wconf 89' lang='lat' dir='ltr'>A,</span> <span class='ocrx_word' id='word_1_150' title='bbox 1185 1820 1378 1901; x_wconf 92' lang='lat' dir='ltr'>idque</span> <span class='ocrx_word' id='word_1_151' title='bbox 1424 1841 1567 1880; x_wconf 93' lang='lat' dir='ltr'>cum</span> <span class='ocrx_word' id='word_1_152' title='bbox 1614 1817 1952 1882; x_wconf 91' lang='lat' dir='ltr'>velocitate</span> <span class='ocrx_word' id='word_1_153' title='bbox 1998 1843 2143 1903; x_wconf 86' lang='lat' dir='ltr'>quae</span> <span class='ocrx_word' id='word_1_154' title='bbox 2188 1822 2377 1886; x_wconf 90' lang='lat' dir='ltr'>fuerit</span> <span class='ocrx_word' id='word_1_155' title='bbox 2407 1825 2489 1887; x_wconf 92' lang='lat' dir='ltr'>ad</span> <span class='ocrx_word' id='word_1_156' title='bbox 2521 1826 2692 1890; x_wconf 91' lang='lat' dir='ltr'>velo-</span> 
     </span>
     <span class='ocr_line' id='line_1_19' title="bbox 182 1919 2694 2002; baseline 0.003 -19"><span class='ocrx_word' id='word_1_157' title='bbox 182 1922 438 1984; x_wconf 88' lang='lat' dir='ltr'>citatem</span> <span class='ocrx_word' id='word_1_158' title='bbox 468 1942 650 1983; x_wconf 88' lang='lat' dir='ltr'>suam</span> <span class='ocrx_word' id='word_1_159' title='bbox 682 1920 952 2001; x_wconf 90' lang='lat' dir='ltr'>primam</span> <span class='ocrx_word' id='word_1_160' title='bbox 986 1919 1048 1980; x_wconf 90' lang='lat' dir='ltr'>in</span> <span class='ocrx_word' id='word_1_161' title='bbox 1080 1920 1150 1980; x_wconf 94' lang='lat' dir='ltr'><em>A</em></span> <span class='ocrx_word' id='word_1_162' title='bbox 1189 1920 1508 2001; x_wconf 87' lang='lat' dir='ltr'>reciproce</span> <span class='ocrx_word' id='word_1_163' title='bbox 1556 1920 1617 1980; x_wconf 92' lang='lat' dir='ltr'>in</span> <span class='ocrx_word' id='word_1_164' title='bbox 1672 1920 2116 2002; x_wconf 92' lang='lat' dir='ltr'>subduplicata</span> <span class='ocrx_word' id='word_1_165' title='bbox 2168 1925 2412 1988; x_wconf 91' lang='lat' dir='ltr'>ratione</span> <span class='ocrx_word' id='word_1_166' title='bbox 2457 1927 2694 1991; x_wconf 87' lang='lat' dir='ltr'>distan-</span> 
     </span>
     <span class='ocr_line' id='line_1_20' title="bbox 147 2020 2699 2104; baseline 0.004 -20"><span class='ocrx_word' id='word_1_167' title='bbox 147 2066 149 2069; x_wconf 91' lang='lat'><em>-</em></span> <span class='ocrx_word' id='word_1_168' title='bbox 178 2023 406 2084; x_wconf 93' lang='lat' dir='ltr'>tiarum</span> <span class='ocrx_word' id='word_1_169' title='bbox 438 2044 476 2084; x_wconf 90' lang='lat' dir='ltr'>a</span> <span class='ocrx_word' id='word_1_170' title='bbox 506 2035 724 2084; x_wconf 91' lang='lat' dir='ltr'>centro</span> <span class='ocrx_word' id='word_1_171' title='bbox 761 2021 850 2104; x_wconf 93' lang='lat' dir='ltr'>(id</span> <span class='ocrx_word' id='word_1_172' title='bbox 882 2034 995 2093; x_wconf 89' lang='lat' dir='ltr'>est,</span> <span class='ocrx_word' id='word_1_173' title='bbox 1031 2033 1101 2082; x_wconf 92' lang='lat' dir='ltr'>ut</span> <span class='ocrx_word' id='word_1_174' title='bbox 1131 2021 1200 2081; x_wconf 93' lang='lat' dir='ltr'><em>A</em></span> <span class='ocrx_word' id='word_1_175' title='bbox 1227 2021 1285 2081; x_wconf 94' lang='lat' dir='ltr'><em>S</em></span> <span class='ocrx_word' id='word_1_176' title='bbox 1310 2020 1392 2082; x_wconf 92' lang='lat' dir='ltr'>ad</span> <span class='ocrx_word' id='word_1_177' title='bbox 1427 2021 1702 2083; x_wconf 90' lang='lat' dir='ltr'>mediam</span> <span class='ocrx_word' id='word_1_178' title='bbox 1747 2024 2289 2104; x_wconf 89' lang='lat' dir='ltr'>proportionalem</span> <span class='ocrx_word' id='word_1_179' title='bbox 2337 2028 2501 2091; x_wconf 90' lang='lat' dir='ltr'>inter</span> <span class='ocrx_word' id='word_1_180' title='bbox 2542 2031 2613 2092; x_wconf 93' lang='lat' dir='ltr'><em>A</em></span> <span class='ocrx_word' id='word_1_181' title='bbox 2641 2032 2699 2093; x_wconf 93' lang='lat' dir='ltr'><em>S</em></span> 
     </span>
    </p>
   </div>
   <div class='ocr_carea' id='block_1_8' title="bbox 1163 2170 1891 2275">
    <p class='ocr_par' dir='ltr' id='par_1_10' title="bbox 1163 2170 1891 2275">
     <span class='ocr_line' id='line_1_21' title="bbox 1163 2170 1891 2275; baseline 0 -14"><span class='ocrx_word' id='word_1_182' title='bbox 1163 2170 1891 2275; x_wconf 32' lang='lat' dir='ltr'>fiN</span> 
     </span>
    </p>
   </div>
   <div class='ocr_carea' id='block_1_9' title="bbox 167 3672 2678 3991">
    <p class='ocr_par' dir='ltr' id='par_1_11' title="bbox 167 3672 2678 3991">
     <span class='ocr_line' id='line_1_22' title="bbox 169 3672 2678 3786; baseline 0.004 -27"><span class='ocrx_word' id='word_1_183' title='bbox 169 3697 231 3759; x_wconf 84' lang='lat'>&amp;</span> <span class='ocrx_word' id='word_1_184' title='bbox 260 3699 327 3760; x_wconf 91' lang='lat' dir='ltr'><em>B</em></span> <span class='ocrx_word' id='word_1_185' title='bbox 346 3698 440 3782; x_wconf 92' lang='lat' dir='ltr'>S)</span> <span class='ocrx_word' id='word_1_186' title='bbox 475 3721 704 3782; x_wconf 90' lang='lat' dir='ltr'>corpus</span> <span class='ocrx_word' id='word_1_187' title='bbox 737 3698 889 3763; x_wconf 93' lang='lat' dir='ltr'>illud</span> <span class='ocrx_word' id='word_1_188' title='bbox 927 3716 1152 3786; x_wconf 85' lang='lat' dir='ltr'>perget</span> <span class='ocrx_word' id='word_1_189' title='bbox 1184 3705 1546 3768; x_wconf 88' lang='lat' dir='ltr'>innumeras</span> <span class='ocrx_word' id='word_1_190' title='bbox 1586 3672 1946 3772; x_wconf 90' lang='lat' dir='ltr'>consimiles</span> <span class='ocrx_word' id='word_1_191' title='bbox 1983 3708 2413 3773; x_wconf 90' lang='lat' dir='ltr'>revolutiones</span> <span class='ocrx_word' id='word_1_192' title='bbox 2441 3708 2597 3770; x_wconf 88' lang='lat' dir='ltr'>BF</span> <span class='ocrx_word' id='word_1_193' title='bbox 2610 3708 2678 3780; x_wconf 84' lang='lat' dir='ltr'>C,</span> 
     </span>
     <span class='ocr_line' id='line_1_23' title="bbox 172 3799 2675 3893; baseline 0.003 -33"><span class='ocrx_word' id='word_1_194' title='bbox 172 3800 231 3860; x_wconf 84' lang='lat' dir='ltr'><em>C</em></span> <span class='ocrx_word' id='word_1_195' title='bbox 249 3799 414 3874; x_wconf 82' lang='lat' dir='ltr'>GD,</span> <span class='ocrx_word' id='word_1_196' title='bbox 449 3799 562 3863; x_wconf 69' lang='lat' dir='ltr'>&amp;c</span> <span class='ocrx_word' id='word_1_197' title='bbox 598 3800 820 3875; x_wconf 87' lang='lat' dir='ltr'>facere,</span> <span class='ocrx_word' id='word_1_198' title='bbox 866 3801 928 3864; x_wconf 84' lang='lat'>&amp;</span> <span class='ocrx_word' id='word_1_199' title='bbox 975 3802 1525 3868; x_wconf 89' lang='lat' dir='ltr'>intersectionibus</span> <span class='ocrx_word' id='word_1_200' title='bbox 1567 3808 1918 3893; x_wconf 88' lang='lat' dir='ltr'>distinguet</span> <span class='ocrx_word' id='word_1_201' title='bbox 1958 3810 2206 3872; x_wconf 92' lang='lat' dir='ltr'>radium</span> <span class='ocrx_word' id='word_1_202' title='bbox 2237 3809 2308 3871; x_wconf 91' lang='lat' dir='ltr'><em>A</em></span> <span class='ocrx_word' id='word_1_203' title='bbox 2333 3809 2392 3870; x_wconf 91' lang='lat' dir='ltr'><em>S</em></span> <span class='ocrx_word' id='word_1_204' title='bbox 2426 3808 2488 3869; x_wconf 91' lang='lat' dir='ltr'>in</span> <span class='ocrx_word' id='word_1_205' title='bbox 2533 3828 2675 3888; x_wconf 89' lang='lat' dir='ltr'>par-</span> 
     </span>
     <span class='ocr_line' id='line_1_24' title="bbox 167 3897 2674 3991; baseline 0.004 -32"><span class='ocrx_word' id='word_1_206' title='bbox 167 3910 263 3960; x_wconf 90' lang='lat' dir='ltr'>tes</span> <span class='ocrx_word' id='word_1_207' title='bbox 294 3897 367 3962; x_wconf 90' lang='lat' dir='ltr'><em>A</em></span> <span class='ocrx_word' id='word_1_208' title='bbox 390 3899 459 3974; x_wconf 88' lang='lat' dir='ltr'>S,</span> <span class='ocrx_word' id='word_1_209' title='bbox 501 3901 568 3962; x_wconf 89' lang='lat' dir='ltr'><em>B</em></span> <span class='ocrx_word' id='word_1_210' title='bbox 588 3901 655 3975; x_wconf 89' lang='lat' dir='ltr'>S,</span> <span class='ocrx_word' id='word_1_211' title='bbox 709 3902 767 3964; x_wconf 85' lang='lat' dir='ltr'><em>C</em></span> <span class='ocrx_word' id='word_1_212' title='bbox 779 3902 851 3979; x_wconf 90' lang='lat' dir='ltr'>S,</span> <span class='ocrx_word' id='word_1_213' title='bbox 883 3904 1042 3978; x_wconf 87' lang='lat' dir='ltr'>DS,</span> <span class='ocrx_word' id='word_1_214' title='bbox 1079 3903 1190 3967; x_wconf 72' lang='lat' dir='ltr'>&amp;c</span> <span class='ocrx_word' id='word_1_215' title='bbox 1229 3907 1526 3969; x_wconf 92' lang='lat' dir='ltr'>continue</span> <span class='ocrx_word' id='word_1_216' title='bbox 1558 3909 2078 3991; x_wconf 74' lang='lat' dir='ltr'>proportionales</span> <span class='ocrx_word' id='word_1_217' title='bbox 2176 3907 2674 3973; x_wconf 89' lang='lat' dir='ltr'>Revolutionum</span> 
     </span>
    </p>
   </div>
   <div class='ocr_carea' id='block_1_10' title="bbox 1048 2496 2214 3629">
    <p class='ocr_par' dir='ltr' id='par_1_12' title="bbox 1048 2496 2214 3629">
     <span class='ocr_line' id='line_1_25' title="bbox 1048 2496 2214 3629; baseline 0 0"><span class='ocrx_word' id='word_1_218' title='bbox 1048 2496 2214 3629; x_wconf 95' lang='lat' dir='ltr'> </span> 
     </span>
    </p>
   </div>
  </div>
 </body>
</html>
