2852 4250
160 138 189 178 2
204 119 280 196 58
807 193 813 198 ι
981 114 1099 163 DE
1133 114 1372 166 MOTU
1399 113 1706 165 CORPOR
1719 114 1840 164 ΠΜ

1380 302 1444 341 m
1573 280 1663 341 bb
1731 280 1821 341 bb
1957 280 2047 342 bb

155 358 271 418 pro
325 334 471 408 50³,
522 354 872 414 eorumque
924 331 1349 395 coefficientes
1381 364 1441 378 -——
1474 366 1536 376 —
1570 367 1656 374 —
1725 366 1811 372 —
1859 328 1921 391 &
1964 369 2047 378 -—
2105 329 2460 394 scribendae
2519 342 2671 394 sunt

1389 408 1434 446 n
1567 379 1692 446 aa'
1743 396 1807 446 a³
1973 396 2037 446 a⁴

157 508 219 568 in
252 504 471 590 regula
515 505 840 587 superiore
885 526 1002 585 pro
1036 503 1116 583 Q,
1145 502 1378 564 R&S.
1475 500 1626 579 Quo
1670 499 1840 563 sacto
1885 501 2100 582 prodit
2147 500 2343 564 medii
2389 501 2673 564 densitas

782 620 816 680 b
840 619 874 679 b

158 1119 270 1179 est,
319 1105 370 1166 si
405 1104 466 1165 in
515 1104 580 1165 V
587 1104 652 1165 Z
693 1113 980 1164 sumatur
1041 1099 1106 1160 V
1126 1100 1193 1161 Y
1229 1097 1495 1182 aequalis
1557 1099 1622 1160 V
1639 1099 1714 1173 G,
1763 1112 1834 1161 ut
1861 1069 2023 1143 —I—-
2158 1098 2463 1181 Namque
2493 1122 2581 1161 aa
2616 1099 2678 1162 &

1863 1149 2059 1217 XY'

155 1300 506 1391 Qaa-
543 1276 769 1373 ²2⁷3&
804 1338 857 1392 4-
894 1273 975 1364 Z
1003 1334 1171 1383 sunt
1203 1321 1483 1404 ipsarum
1532 1322 1689 1383 XZ
1741 1320 1803 1383 &
1850 1322 1912 1382 Z
1939 1321 2007 1383 Y
2050 1318 2379 1403 quadrata.
2495 1320 2677 1382 Resi-

179 1410 222 1448 n
244 1409 286 1447 n
632 1403 676 1443 π
893 1402 932 1440 a
951 1401 991 1439 a

158 1486 391 1549 stentia
436 1496 650 1546 autem
699 1479 1019 1541 invenitur
1050 1478 1127 1539 'in
1161 1500 1255 1538 ra-

157 1590 330 1651 tione
348 1587 429 1648 ad
449 1584 829 1669 gravitatem
853 1602 1045 1662 quam
1066 1579 1260 1641 habet

162 1690 296 1769 3X
323 1689 389 1750 Y
416 1687 497 1748 ad
546 1707 575 1746 2
612 1684 796 1756 YG‚·
847 1681 908 1743 &
953 1679 1259 1742 velocitas

159 1811 236 1851 ea
266 1801 378 1860 est,
414 1807 686 1868 quacum
720 1805 948 1864 corpus
982 1782 1043 1843 in
1078 1803 1256 1863 para-

158 1888 305 1952 bola
335 1899 631 1971 pergeret
662 1884 966 1946 verticem
1005 1882 1080 1955 G,
1125 1881 1257 1942 dia-

160 2003 431 2051 metrum
477 1987 651 2060 DG,
703 1984 765 2046 &
806 1982 970 2044 latus
1018 1995 1259 2044 rectum

158 2091 235 2150 X
262 2090 330 2150 Υ
354 2088 535 2171 quad.

291 2194 355 2254 V
372 2193 432 2254 G
573 2135 865 2197 habente.
982 2132 1263 2194 Ponatur

160 2295 373 2376 itaque
405 2292 578 2375 quod
605 2291 797 2354 medii
823 2289 1173 2352 densitates
1199 2289 1260 2350 in

158 2396 311 2459 locis
358 2394 624 2479 singulis
670 2394 731 2455 G
772 2393 899 2454 sint
945 2391 1263 2473 reciproce

161 2513 231 2560 ut
249 2498 568 2559 distantiae
593 2497 670 2557 X
689 2496 761 2567 Y,
785 2493 1090 2577 quodque
1115 2493 1262 2554 resi-

160 2599 360 2661 tentia
407 2599 468 2659 in
515 2597 655 2659 loco
701 2594 916 2676 aliquo
960 2594 1021 2655 G
1050 2594 1132 2655 sit
1180 2593 1262 2654 ad

161 2701 542 2783 gravitatem
575 2710 645 2758 ut
680 2697 802 2775 3X
823 2696 889 2756 Y
911 2695 992 2755 ad
1033 2716 1063 2754 2
1090 2695 1157 2755 Y
1162 2695 1222 2755 G
1240 2720 1264 2765 ,-

167 2800 228 2862 &
260 2821 488 2881 corpus
520 2798 602 2859 de
633 2796 773 2859 loco
797 2796 888 2869 A,
914 2796 1090 2878 justa
1120 2816 1263 2855 cum

166 2900 503 2963 velocitate
567 2899 886 2970 emissum,
950 2896 1269 2958 describet
1368 2903 1413 2944 M

165 3000 583 3085 hyperbolam
624 2998 792 3060 illam
831 2999 899 3058 A
933 2998 1099 3061 GK.
1196 2998 1271 3073 Q.
1298 2997 1379 3057 E.
1404 2995 1462 3056 l.
1996 3062 2001 3066 ,

282 3105 571 3184 Exempl.
611 3123 665 3180 4.
724 3102 1005 3163 Ponatur
1055 3099 1400 3170 indefinite,
1435 3094 1610 3178 quod
1656 3092 1824 3156 linea
1875 3092 1945 3153 A
1979 3092 2144 3154 GK
2182 3088 2535 3173 hyperbola
2588 3091 2686 3164 sit,

169 3220 388 3270 centro
441 3206 531 3277 X,
587 3202 967 3284 asymptotis
1020 3202 1115 3263 M
1125 3201 1218 3275 X,
1268 3200 1354 3260 N
1368 3198 1444 3258 X
1496 3218 1574 3258 ea
1625 3193 1770 3277 lege
1823 3193 2159 3274 descripta,
2210 3205 2281 3253 ut
2326 3205 2690 3255 constructo

170 3305 539 3390 rectangulo
592 3305 670 3365 X
686 3304 750 3365 Z
764 3303 941 3364 DN
989 3302 1167 3383 cujus
1229 3298 1394 3360 latus
1448 3297 1512 3357 Z
1526 3296 1599 3356 D
1658 3307 1834 3356 secet
1893 3291 2312 3375 hyperbolam
2374 3293 2437 3354 in
2505 3293 2567 3354 G
2628 3292 2691 3354 &

166 3405 580 3490 asymptoton
624 3405 760 3487 ejus
803 3403 865 3464 in
915 3402 986 3475 V,
1035 3401 1224 3462 fuerit
1271 3399 1335 3461 V
1352 3398 1413 3459 G
1458 3395 1777 3476 reciproce
1808 3408 1880 3456 ut
1921 3395 2119 3477 ipsius
2166 3395 2230 3455 Z
2244 3394 2323 3455 X
2365 3391 2469 3456 vel
2518 3393 2696 3455 DN

169 3509 448 3592 dignitas
495 3504 710 3586 aliqua
754 3503 930 3564 DN
928 3513 967 3575 n,
1003 3502 1180 3584 cujus
1213 3499 1406 3560 index
1438 3509 1537 3559 est
1582 3517 1882 3557 numerus
1915 3518 1959 3557 n
1980 3522 1999 3559 .·
2047 3494 2109 3557 ἃ
2141 3506 2464 3576 quaeratur
2493 3489 2688 3555 medii

172 3609 473 3679 densitaS‚
508 3627 635 3687 qua
666 3600 993 3686 projectile
1025 3598 1472 3683 progrediatur
1502 3596 1564 3656 in
1598 3595 1716 3656 hac
1747 3617 1958 3658 curva.

297 3710 422 3771 Pro
451 3707 630 3779 BN,
663 3705 834 3777 BD,
868 3703 954 3763 N
967 3703 1045 3763 X
1087 3700 1442 3763 scribantur
1489 3696 1571 3769 A,
1619 3696 1696 3770 O,
1749 3697 1802 3759 C
1856 3695 2231 3779 respective,
2282 3693 2493 3776 sitque
2547 3693 2613 3754 V
2619 3692 2686 3753 Z

171 3862 254 3926 ad
284 3862 362 3924 X
377 3860 441 3922 Z
469 3856 571 3921 vel
603 3857 780 3918 DN
805 3868 875 3917 ut
904 3853 956 3916 d
976 3854 1058 3915 ad
1090 3876 1132 3927 e,
1161 3852 1223 3914 &
1271 3852 1334 3913 V
1351 3851 1412 3912 G
1448 3847 1710 3931 aequalis
1743 3798 1973 3965 Dblen,
2021 3846 2083 3908 &
2128 3845 2248 3908 erit
2286 3844 2454 3906 DN
2478 3865 2689 3925 aequa-
