2846 4224
451 743 550 833 A
606 737 1360 834 UCTORJS
1482 705 2136 827 PRAEFA
2192 730 2479 823 Tso

1430 941 1526 982 IN

652 1083 1493 1156 EDITIONEM
1594 1079 2277 1151 TERTJAM.

208 1337 294 1447 J
309 1340 396 1402 N
436 1337 739 1400 Editione
793 1336 967 1398 lzacce
1024 1334 1228 1407 tertia,
1284 1355 1476 1415 quam
1542 1332 1865 1394 Henricus
1931 1330 2318 1392 Pemberton
2372 1328 2560 1391 M.D.
2619 1328 2730 1390 vir
2763 1395 2792 1416 .-

370 1441 605 1502 lzarum
654 1459 872 1499 rerum
904 1435 1333 1517 peritissimus
1379 1434 1643 1507 curavit,
1695 1433 2011 1494 nonnulla
2042 1432 2111 1493 in
2145 1432 2305 1493 libro
2347 1429 2605 1493 secundo
2649 1428 2724 1490 de

208 1540 558 1619 resistentia
589 1538 933 1599 mediorum
948 1537 1151 1618 paulo
1164 1535 1391 1615 fusius
1419 1536 1819 1616 explicantur
1843 1555 2036 1615 quam
2058 1541 2259 1605 antea,
2291 1533 2374 1599 ἐπ’
2394 1531 2731 1592 adduntur

210 1643 624 1725 experimenta
678 1661 835 1700 nova
886 1638 959 1699 de
1010 1637 1359 1699 resistentia
1399 1637 1709 1718 gravium
1768 1656 1909 1717 qua·
1955 1634 2192 1695 cadunt
2241 1633 2313 1695 in
2365 1643 2520 1694 a‘e're.
2636 1631 2727 1692 In

213 1746 375 1807 libro
406 1742 587 1804 tertio
616 1744 1064 1822 argumentum
1094 1761 1219 1820 qua
1252 1739 1476 1799 lunam
1507 1737 1577 1798 in
1610 1737 1751 1798 orbe
1776 1758 1887 1797 suo
1902 1742 2030 1815 per
2044 1734 2435 1816 gravitatem
2465 1731 2735 1794 retineri

196 1845 532 1927 probatur,
558 1842 754 1922 paulo
774 1839 1002 1920 fusius
1030 1839 1410 1920 exponitur:
1458 1840 1541 1904 <⁰9³
1584 1850 1756 1899 nova·
1796 1835 2133 1897 adduntur
2173 1833 2616 1896 observationes
2659 1832 2733 1894 de

198 1943 612 2026 proportione
665 1941 1122 2002 diametrorum
1184 1939 1379 2017 Jovis
1436 1938 1528 1999 ad
1578 1938 1838 2000 invicem
1909 1959 1951 1997 a
2009 1937 2095 1999 D.
2166 1935 2457 1997 Poundio
2505 1933 2724 2015 factae.

213 2046 285 2108 A
292 2046 586 2107 dduntur
628 2044 816 2105 etiam
862 2041 1304 2107 observationes
1353 2040 1598 2122 aliquot
1646 2047 1886 2101 cometae
1934 2038 2115 2100 illius
2171 2037 2289 2119 qui
2334 2022 2504 2098 anno
2566 2038 2730 2098 1680

214 2147 535 2229 apparuit,
568 2168 609 2206 a
638 2146 725 2206 D.
767 2143 935 2205 Kirk
966 2164 1165 2204 mense
1190 2142 1549 2204 Novembri
1587 2141 1657 2202 in
1708 2139 2058 2202 Germania
2086 2138 2327 2211 habita,
2360 2159 2501 2220 quae
2527 2145 2736 2219 nuper

213 2247 306 2309 ad
327 2269 555 2309 manus
585 2254 831 2307 nostras
861 2252 1176 2318 venerunt,
1215 2246 1298 2310 ὣ)
1342 2266 1622 2326 quarum
1668 2252 1776 2324 ope
1815 2249 2045 2304 'constet
2089 2264 2281 2324 quam
2314 2249 2520 2322 prope
2563 2241 2734 2303 orbes

199 2346 562 2430 parabolici
605 2346 869 2407 motibus
918 2352 1295 2407 cometarum
1349 2345 1729 2425 respondent.
1843 2343 1944 2404 Et
1992 2342 2199 2404 orbita
2247 2350 2487 2403 cometae
2534 2341 2730 2414 illius,

215 2455 607 2529 computante
641 2445 915 2519 Halleio‚
934 2445 1529 2527 paulo-accuratius
1571 2444 2036 2505 determinatur
2077 2465 2269 2525 quam
2314 2450 2519 2519 antea,
2552 2442 2737 2524 idque

218 2550 289 2611 in
337 2548 558 2629 ellipsi.
638 2549 734 2609 Et
779 2547 1132 2609 ostenditur
1175 2554 1467 2608 cometam
1516 2547 1587 2607 in
1633 2546 1749 2607 lzac
1792 2545 1998 2607 orbita
2042 2544 2331 2625 elliptica,
2347 2551 2477 2626 per
2520 2565 2733 2605 novem

219 2651 510 2711 caelorum
564 2649 763 2730 signa,
819 2669 945 2708 non
998 2647 1211 2708 minus
1261 2653 1549 2707 accurate
1604 2667 1858 2706 cursum
1903 2644 2228 2726 peregisse,
2290 2666 2483 2725 quam
2540 2644 2738 2705 solent

206 2752 485 2832 planetae
514 2749 584 2810 in
614 2748 834 2810 orbitis
877 2747 1166 2827 ellipticis
1193 2754 1322 2827 per
1362 2746 1812 2807 astronomiam
1855 2744 2132 2826 definitis
2170 2744 2422 2825 moveri.
2551 2744 2743 2806 Orbis

221 2851 410 2912 etiam
439 2858 677 2911 cometoe
702 2848 819 2930 qui
843 2869 1010 2908 anno
1050 2868 1071 2907 1
1091 2863 1162 2925 72
1175 2867 1208 2925 3
1242 2847 1565 2928 apparuit,
1598 2869 1640 2907 a
1672 2847 1756 2908 D.
1798 2845 2096 2908 Bradleio
2126 2845 2530 2908 astronomia*
2569 2844 2750 2927 apud
2775 2909 2778 2912 ,

229 2955 635 3018 Oxonienses
651 2952 1006 3035 professore
1032 2960 1442 3035 computatus,
1475 2951 1797 3034 adjicitur.

2006 3263 2119 3325 IS.
2170 3261 2647 3326 NEWTON.

298 3439 502 3490 Dabam
526 3438 754 3501 Londini,
780 3438 893 3503 Jan.
929 3454 949 3485 1
961 3453 1004 3499 2,
1038 3453 1058 3485 1
1070 3450 1095 3500 7
1107 3453 1131 3485 2
1140 3438 1234 3501 5-6.
