<?xml version="1.0" encoding="UTF-8"?>
<!DOCTYPE html PUBLIC "-//W3C//DTD XHTML 1.0 Transitional//EN"
    "http://www.w3.org/TR/xhtml1/DTD/xhtml1-transitional.dtd">
<html xmlns="http://www.w3.org/1999/xhtml" xml:lang="en" lang="en">
 <head>
  <title>
</title>
<meta http-equiv="Content-Type" content="text/html;charset=utf-8" />
  <meta name='ocr-system' content='tesseract 3.04.00' />
  <meta name='ocr-capabilities' content='ocr_page ocr_carea ocr_par ocr_line ocrx_word'/>
</head>
<body>
  <div class='ocr_page' id='page_1' title='image "./principia00newtuoft/principia00newtuoft_0236.png"; bbox 0 0 2852 4250; ppageno 0'>
   <div class='ocr_carea' id='block_1_1' title="bbox 203 119 1888 201">
    <p class='ocr_par' dir='ltr' id='par_1_1' title="bbox 203 119 1888 201">
     <span class='ocr_line' id='line_1_1' title="bbox 203 119 1888 201; baseline -0.007 -19"><span class='ocrx_word' id='word_1_1' title='bbox 203 140 321 201; x_wconf 91' lang='lat'>194</span> <span class='ocrx_word' id='word_1_2' title='bbox 1026 122 1142 171; x_wconf 88' lang='lat' dir='ltr'>DE</span> <span class='ocrx_word' id='word_1_3' title='bbox 1176 121 1414 172; x_wconf 85' lang='lat' dir='ltr'><em>MOTU</em></span> <span class='ocrx_word' id='word_1_4' title='bbox 1445 119 1888 172; x_wconf 82' lang='lat' dir='ltr'><em>CORPORUM</em></span> 
     </span>
    </p>
   </div>
   <div class='ocr_carea' id='block_1_2' title="bbox 182 286 2710 492">
    <p class='ocr_par' dir='ltr' id='par_1_2' title="bbox 182 286 2710 492">
     <span class='ocr_line' id='line_1_2' title="bbox 276 286 2710 375; baseline -0 -21"><span class='ocrx_word' id='word_1_5' title='bbox 276 290 525 374; x_wconf 66' lang='lat' dir='ltr'>sphaera</span> <span class='ocrx_word' id='word_1_6' title='bbox 581 291 814 375; x_wconf 78' lang='lat' dir='ltr'>quoevis</span> <span class='ocrx_word' id='word_1_7' title='bbox 877 291 1012 354; x_wconf 88' lang='lat' dir='ltr'><em>alia</em></span> <span class='ocrx_word' id='word_1_8' title='bbox 1068 289 1380 353; x_wconf 75' lang='lat' dir='ltr'>similam‘s</span> <span class='ocrx_word' id='word_1_9' title='bbox 1442 288 1522 350; x_wconf 89' lang='lat' dir='ltr'>ab</span> <span class='ocrx_word' id='word_1_10' title='bbox 1584 286 1792 350; x_wconf 85' lang='lat' dir='ltr'><em>eadem</em></span> <span class='ocrx_word' id='word_1_11' title='bbox 1855 286 2231 349; x_wconf 76' lang='lat' dir='ltr'><em>attrahitur</em></span> <span class='ocrx_word' id='word_1_12' title='bbox 2274 287 2346 351; x_wconf 85' lang='lat' dir='ltr'>vi</span> <span class='ocrx_word' id='word_1_13' title='bbox 2410 287 2710 373; x_wconf 64' lang='lat' dir='ltr'>reciproce</span> 
     </span>
     <span class='ocr_line' id='line_1_3' title="bbox 182 405 1827 492; baseline -0.002 -23"><span class='ocrx_word' id='word_1_14' title='bbox 182 427 185 429; x_wconf 67' lang='grc'><strong><em>’</em></strong></span> <span class='ocrx_word' id='word_1_15' title='bbox 265 407 747 490; x_wconf 79' lang='lat' dir='ltr'><em>proportionali</em></span> <span class='ocrx_word' id='word_1_16' title='bbox 767 407 1081 492; x_wconf 82' lang='lat' dir='ltr'><em>quadrato</em></span> <span class='ocrx_word' id='word_1_17' title='bbox 1108 405 1430 470; x_wconf 67' lang='lat' dir='ltr'>distantia*</span> <span class='ocrx_word' id='word_1_18' title='bbox 1453 411 1827 467; x_wconf 82' lang='lat' dir='ltr'>centrorum.</span> 
     </span>
    </p>
   </div>
   <div class='ocr_carea' id='block_1_3' title="bbox 191 563 2779 2976">
    <p class='ocr_par' dir='ltr' id='par_1_3' title="bbox 192 563 2709 1461">
     <span class='ocr_line' id='line_1_4' title="bbox 192 563 2703 660; baseline -0.003 -16"><span class='ocrx_word' id='word_1_19' title='bbox 192 641 194 644; x_wconf 79' lang='grc'>,</span> <span class='ocrx_word' id='word_1_20' title='bbox 317 576 492 639; x_wconf 92' lang='lat' dir='ltr'>Nam</span> <span class='ocrx_word' id='word_1_21' title='bbox 539 563 876 660; x_wconf 74' lang='lat' dir='ltr'>¹particulae</span> <span class='ocrx_word' id='word_1_22' title='bbox 936 576 1214 659; x_wconf 88' lang='lat' dir='ltr'>cujusvis</span> <span class='ocrx_word' id='word_1_23' title='bbox 1274 573 1567 636; x_wconf 86' lang='lat' dir='ltr'>attractio</span> <span class='ocrx_word' id='word_1_24' title='bbox 1626 584 1726 637; x_wconf 84' lang='lat' dir='ltr'>est</span> <span class='ocrx_word' id='word_1_25' title='bbox 1783 567 2104 654; x_wconf 84' lang='lat' dir='ltr'><strong>reciproce</strong></span> <span class='ocrx_word' id='word_1_26' title='bbox 2175 584 2249 636; x_wconf 94' lang='lat' dir='ltr'>ut</span> <span class='ocrx_word' id='word_1_27' title='bbox 2320 572 2703 655; x_wconf 88' lang='lat' dir='ltr'>quadratum</span> 
     </span>
     <span class='ocr_line' id='line_1_5' title="bbox 199 671 2707 758; baseline -0.001 -18"><span class='ocrx_word' id='word_1_28' title='bbox 199 676 520 740; x_wconf 80' lang='lat' dir='ltr'>distantiae</span> <span class='ocrx_word' id='word_1_29' title='bbox 579 700 712 741; x_wconf 81' lang='lat' dir='ltr'>suae</span> <span class='ocrx_word' id='word_1_30' title='bbox 770 700 811 739; x_wconf 90' lang='lat' dir='ltr'>a</span> <span class='ocrx_word' id='word_1_31' title='bbox 869 690 1087 740; x_wconf 89' lang='lat' dir='ltr'>centro</span> <span class='ocrx_word' id='word_1_32' title='bbox 1153 674 1424 757; x_wconf 81' lang='lat' dir='ltr'>sphaerae</span> <span class='ocrx_word' id='word_1_33' title='bbox 1491 672 1802 736; x_wconf 87' lang='lat' dir='ltr'>trahentis</span> <span class='ocrx_word' id='word_1_34' title='bbox 1867 671 2008 756; x_wconf 91' lang='lat' dir='ltr'>(per</span> <span class='ocrx_word' id='word_1_35' title='bbox 2065 695 2242 755; x_wconf 91' lang='lat' dir='ltr'>prop.</span> <span class='ocrx_word' id='word_1_36' title='bbox 2314 673 2565 758; x_wconf 81' lang='lat' dir='ltr'>Lxxlv),</span> <span class='ocrx_word' id='word_1_37' title='bbox 2643 674 2707 738; x_wconf 75' lang='grc' dir='ltr'>8ε</span> 
     </span>
     <span class='ocr_line' id='line_1_6' title="bbox 198 772 2707 861; baseline -0.001 -22"><span class='ocrx_word' id='word_1_38' title='bbox 198 790 538 861; x_wconf 90' lang='lat' dir='ltr'>propterea</span> <span class='ocrx_word' id='word_1_39' title='bbox 567 778 794 840; x_wconf 90' lang='lat' dir='ltr'>eadem</span> <span class='ocrx_word' id='word_1_40' title='bbox 825 790 937 850; x_wconf 91' lang='lat' dir='ltr'>est,</span> <span class='ocrx_word' id='word_1_41' title='bbox 970 798 1045 838; x_wconf 92' lang='lat' dir='ltr'>ac</span> <span class='ocrx_word' id='word_1_42' title='bbox 1081 776 1134 837; x_wconf 92' lang='lat' dir='ltr'>si</span> <span class='ocrx_word' id='word_1_43' title='bbox 1179 775 1278 838; x_wconf 88' lang='lat' dir='ltr'>vis</span> <span class='ocrx_word' id='word_1_44' title='bbox 1323 787 1459 837; x_wconf 91' lang='lat' dir='ltr'>tota</span> <span class='ocrx_word' id='word_1_45' title='bbox 1503 773 1829 836; x_wconf 89' lang='lat' dir='ltr'>attrahens</span> <span class='ocrx_word' id='word_1_46' title='bbox 1874 786 2163 835; x_wconf 85' lang='lat' dir='ltr'>manaret</span> <span class='ocrx_word' id='word_1_47' title='bbox 2205 773 2289 836; x_wconf 94' lang='lat' dir='ltr'>de</span> <span class='ocrx_word' id='word_1_48' title='bbox 2334 772 2707 856; x_wconf 90' lang='lat' dir='ltr'>corpusculo</span> 
     </span>
     <span class='ocr_line' id='line_1_7' title="bbox 199 873 2704 960; baseline -0 -21"><span class='ocrx_word' id='word_1_49' title='bbox 199 878 387 940; x_wconf 93' lang='lat' dir='ltr'>unico</span> <span class='ocrx_word' id='word_1_50' title='bbox 417 878 540 940; x_wconf 92' lang='lat' dir='ltr'>sito</span> <span class='ocrx_word' id='word_1_51' title='bbox 571 878 634 939; x_wconf 93' lang='lat' dir='ltr'>in</span> <span class='ocrx_word' id='word_1_52' title='bbox 666 890 884 939; x_wconf 90' lang='lat' dir='ltr'>centro</span> <span class='ocrx_word' id='word_1_53' title='bbox 914 877 1101 960; x_wconf 89' lang='lat' dir='ltr'>hujus</span> <span class='ocrx_word' id='word_1_54' title='bbox 1146 875 1432 957; x_wconf 76' lang='lat' dir='ltr'>sphaerae.</span> <span class='ocrx_word' id='word_1_55' title='bbox 1559 873 1727 936; x_wconf 86' lang='lat' dir='ltr'>Haec</span> <span class='ocrx_word' id='word_1_56' title='bbox 1771 886 1986 935; x_wconf 91' lang='lat' dir='ltr'>autem</span> <span class='ocrx_word' id='word_1_57' title='bbox 2031 874 2323 937; x_wconf 86' lang='lat' dir='ltr'>attractio</span> <span class='ocrx_word' id='word_1_58' title='bbox 2368 887 2546 937; x_wconf 91' lang='lat' dir='ltr'>tanta</span> <span class='ocrx_word' id='word_1_59' title='bbox 2589 889 2704 950; x_wconf 89' lang='lat' dir='ltr'>est,</span> 
     </span>
     <span class='ocr_line' id='line_1_8' title="bbox 200 973 2709 1058; baseline 0.001 -21"><span class='ocrx_word' id='word_1_60' title='bbox 200 989 437 1058; x_wconf 90' lang='lat' dir='ltr'>quanta</span> <span class='ocrx_word' id='word_1_61' title='bbox 487 976 651 1039; x_wconf 88' lang='lat' dir='ltr'>foret</span> <span class='ocrx_word' id='word_1_62' title='bbox 701 976 981 1038; x_wconf 87' lang='lat' dir='ltr'>vicissim</span> <span class='ocrx_word' id='word_1_63' title='bbox 1029 976 1320 1038; x_wconf 88' lang='lat' dir='ltr'>attractio</span> <span class='ocrx_word' id='word_1_64' title='bbox 1368 973 1721 1057; x_wconf 85' lang='lat' dir='ltr'>corpusculi</span> <span class='ocrx_word' id='word_1_65' title='bbox 1770 973 2076 1058; x_wconf 89' lang='lat' dir='ltr'>ejusdem,</span> <span class='ocrx_word' id='word_1_66' title='bbox 2113 975 2168 1037; x_wconf 88' lang='lat' dir='ltr'>si</span> <span class='ocrx_word' id='word_1_67' title='bbox 2216 975 2411 1039; x_wconf 92' lang='lat' dir='ltr'>modo</span> <span class='ocrx_word' id='word_1_68' title='bbox 2463 974 2617 1038; x_wconf 89' lang='lat' dir='ltr'>illud</span> <span class='ocrx_word' id='word_1_69' title='bbox 2668 999 2709 1039; x_wconf 90' lang='lat' dir='ltr'>a</span> 
     </span>
     <span class='ocr_line' id='line_1_9' title="bbox 198 1074 2708 1162; baseline 0.001 -24"><span class='ocrx_word' id='word_1_70' title='bbox 198 1074 463 1159; x_wconf 88' lang='lat' dir='ltr'>singulis</span> <span class='ocrx_word' id='word_1_71' title='bbox 515 1076 786 1159; x_wconf 80' lang='lat' dir='ltr'>sphaerae</span> <span class='ocrx_word' id='word_1_72' title='bbox 833 1089 1119 1138; x_wconf 80' lang='lat' dir='ltr'>attractae</span> <span class='ocrx_word' id='word_1_73' title='bbox 1171 1074 1494 1157; x_wconf 89' lang='lat' dir='ltr'>particulis</span> <span class='ocrx_word' id='word_1_74' title='bbox 1547 1075 1774 1138; x_wconf 91' lang='lat' dir='ltr'>eadem</span> <span class='ocrx_word' id='word_1_75' title='bbox 1822 1075 1888 1137; x_wconf 91' lang='lat' dir='ltr'>vi</span> <span class='ocrx_word' id='word_1_76' title='bbox 1939 1075 2309 1151; x_wconf 85' lang='lat' dir='ltr'>traheretur,</span> <span class='ocrx_word' id='word_1_77' title='bbox 2357 1099 2485 1160; x_wconf 91' lang='lat' dir='ltr'>qua</span> <span class='ocrx_word' id='word_1_78' title='bbox 2536 1078 2708 1162; x_wconf 88' lang='lat' dir='ltr'>ipsas</span> 
     </span>
     <span class='ocr_line' id='line_1_10' title="bbox 198 1174 2704 1262; baseline 0 -24"><span class='ocrx_word' id='word_1_79' title='bbox 198 1175 471 1241; x_wconf 88' lang='lat' dir='ltr'>attrahit.</span> <span class='ocrx_word' id='word_1_80' title='bbox 597 1176 651 1238; x_wconf 91' lang='lat' dir='ltr'>F</span> <span class='ocrx_word' id='word_1_81' title='bbox 657 1188 795 1238; x_wconf 91' lang='lat' dir='ltr'>oret</span> <span class='ocrx_word' id='word_1_82' title='bbox 846 1189 1061 1238; x_wconf 89' lang='lat' dir='ltr'>autem</span> <span class='ocrx_word' id='word_1_83' title='bbox 1116 1174 1221 1238; x_wconf 93' lang='lat' dir='ltr'>illa</span> <span class='ocrx_word' id='word_1_84' title='bbox 1273 1174 1626 1258; x_wconf 89' lang='lat' dir='ltr'>corpusculi</span> <span class='ocrx_word' id='word_1_85' title='bbox 1687 1176 1980 1239; x_wconf 90' lang='lat' dir='ltr'>attractio</span> <span class='ocrx_word' id='word_1_86' title='bbox 2043 1175 2184 1259; x_wconf 92' lang='lat' dir='ltr'>(per</span> <span class='ocrx_word' id='word_1_87' title='bbox 2233 1198 2417 1260; x_wconf 72' lang='lat' dir='ltr'>prop.</span> <span class='ocrx_word' id='word_1_88' title='bbox 2476 1175 2704 1262; x_wconf 80' lang='lat' dir='ltr'><strong>Lxxw)</strong></span> 
     </span>
     <span class='ocr_line' id='line_1_11' title="bbox 197 1275 2707 1361; baseline 0.001 -22"><span class='ocrx_word' id='word_1_89' title='bbox 197 1277 515 1359; x_wconf 90' lang='lat' dir='ltr'>reciproce</span> <span class='ocrx_word' id='word_1_90' title='bbox 572 1275 1061 1359; x_wconf 69' lang='lat' dir='ltr'>&#39;proportionalis</span> <span class='ocrx_word' id='word_1_91' title='bbox 1121 1276 1434 1358; x_wconf 90' lang='lat' dir='ltr'>quadrato</span> <span class='ocrx_word' id='word_1_92' title='bbox 1486 1277 1806 1340; x_wconf 79' lang='lat' dir='ltr'>distantiae</span> <span class='ocrx_word' id='word_1_93' title='bbox 1858 1299 1992 1339; x_wconf 85' lang='lat' dir='ltr'>suae</span> <span class='ocrx_word' id='word_1_94' title='bbox 2045 1299 2085 1339; x_wconf 96' lang='lat' dir='ltr'>a</span> <span class='ocrx_word' id='word_1_95' title='bbox 2136 1291 2354 1341; x_wconf 91' lang='lat' dir='ltr'>centro</span> <span class='ocrx_word' id='word_1_96' title='bbox 2400 1278 2707 1361; x_wconf 87' lang='lat' dir='ltr'>sphaerae;</span> 
     </span>
     <span class='ocr_line' id='line_1_12' title="bbox 196 1378 2704 1461; baseline 0.001 -20"><span class='ocrx_word' id='word_1_97' title='bbox 196 1379 470 1461; x_wconf 90' lang='lat' dir='ltr'>ideoque</span> <span class='ocrx_word' id='word_1_98' title='bbox 501 1379 646 1442; x_wconf 90' lang='lat' dir='ltr'>huic</span> <span class='ocrx_word' id='word_1_99' title='bbox 676 1378 938 1461; x_wconf 82' lang='lat' dir='ltr'>aequalis</span> <span class='ocrx_word' id='word_1_100' title='bbox 970 1378 1261 1441; x_wconf 90' lang='lat' dir='ltr'>attractio</span> <span class='ocrx_word' id='word_1_101' title='bbox 1292 1378 1562 1460; x_wconf 82' lang='lat' dir='ltr'>sphaerae</span> <span class='ocrx_word' id='word_1_102' title='bbox 1594 1392 1693 1441; x_wconf 92' lang='lat' dir='ltr'>est</span> <span class='ocrx_word' id='word_1_103' title='bbox 1724 1379 1786 1440; x_wconf 93' lang='lat' dir='ltr'>in</span> <span class='ocrx_word' id='word_1_104' title='bbox 1818 1379 2045 1441; x_wconf 91' lang='lat' dir='ltr'>eadem</span> <span class='ocrx_word' id='word_1_105' title='bbox 2077 1379 2338 1442; x_wconf 91' lang='lat' dir='ltr'>ratione.</span> <span class='ocrx_word' id='word_1_106' title='bbox 2433 1379 2704 1456; x_wconf 78' lang='lat' dir='ltr'><strong><em>Q.E.D.</em></strong></span> 
     </span>
    </p>

    <p class='ocr_par' dir='ltr' id='par_1_4' title="bbox 197 1476 2706 1763">
     <span class='ocr_line' id='line_1_13' title="bbox 317 1476 2706 1563; baseline 0 -22"><span class='ocrx_word' id='word_1_107' title='bbox 317 1480 519 1542; x_wconf 84' lang='lat' dir='ltr'><em>Corol.</em></span> <span class='ocrx_word' id='word_1_108' title='bbox 580 1501 627 1542; x_wconf 93' lang='lat'>1.</span> <span class='ocrx_word' id='word_1_109' title='bbox 680 1479 1117 1541; x_wconf 91' lang='lat' dir='ltr'>Attractiones</span> <span class='ocrx_word' id='word_1_110' title='bbox 1163 1479 1574 1560; x_wconf 83' lang='lat' dir='ltr'>sphaerarum,</span> <span class='ocrx_word' id='word_1_111' title='bbox 1621 1501 1847 1542; x_wconf 89' lang='lat' dir='ltr'>versus</span> <span class='ocrx_word' id='word_1_112' title='bbox 1887 1477 2042 1541; x_wconf 91' lang='lat' dir='ltr'>alias</span> <span class='ocrx_word' id='word_1_113' title='bbox 2078 1479 2364 1561; x_wconf 81' lang='lat' dir='ltr'>sphaeras</span> <span class='ocrx_word' id='word_1_114' title='bbox 2382 1476 2706 1563; x_wconf 66' lang='lat' dir='ltr'>&#39;homoge-</span> 
     </span>
     <span class='ocr_line' id='line_1_14' title="bbox 198 1577 2706 1662; baseline 0 -20"><span class='ocrx_word' id='word_1_115' title='bbox 198 1601 367 1655; x_wconf 80' lang='lat' dir='ltr'>neaS,</span> <span class='ocrx_word' id='word_1_116' title='bbox 400 1593 550 1643; x_wconf 90' lang='lat' dir='ltr'>sunt</span> <span class='ocrx_word' id='word_1_117' title='bbox 596 1593 667 1643; x_wconf 93' lang='lat' dir='ltr'>ut</span> <span class='ocrx_word' id='word_1_118' title='bbox 712 1580 983 1662; x_wconf 82' lang='lat' dir='ltr'>sphaerae</span> <span class='ocrx_word' id='word_1_119' title='bbox 1029 1579 1353 1642; x_wconf 88' lang='lat' dir='ltr'>trahentes</span> <span class='ocrx_word' id='word_1_120' title='bbox 1398 1577 1735 1662; x_wconf 85' lang='lat' dir='ltr'>applicatae</span> <span class='ocrx_word' id='word_1_121' title='bbox 1779 1579 1863 1641; x_wconf 92' lang='lat' dir='ltr'>ad</span> <span class='ocrx_word' id='word_1_122' title='bbox 1909 1579 2221 1662; x_wconf 91' lang='lat' dir='ltr'>quadrata</span> <span class='ocrx_word' id='word_1_123' title='bbox 2263 1580 2706 1645; x_wconf 89' lang='lat' dir='ltr'>distantiarum</span> 
     </span>
     <span class='ocr_line' id='line_1_15' title="bbox 197 1680 2013 1763; baseline 0 -19"><span class='ocrx_word' id='word_1_124' title='bbox 197 1695 554 1745; x_wconf 90' lang='lat' dir='ltr'>centrorum</span> <span class='ocrx_word' id='word_1_125' title='bbox 586 1704 843 1745; x_wconf 89' lang='lat' dir='ltr'>suorum</span> <span class='ocrx_word' id='word_1_126' title='bbox 875 1704 914 1743; x_wconf 92' lang='lat' dir='ltr'>a</span> <span class='ocrx_word' id='word_1_127' title='bbox 944 1682 1175 1743; x_wconf 90' lang='lat' dir='ltr'>centris</span> <span class='ocrx_word' id='word_1_128' title='bbox 1208 1703 1446 1758; x_wconf 90' lang='lat' dir='ltr'>earum,</span> <span class='ocrx_word' id='word_1_129' title='bbox 1481 1702 1640 1763; x_wconf 89' lang='lat' dir='ltr'>quas</span> <span class='ocrx_word' id='word_1_130' title='bbox 1671 1680 2013 1744; x_wconf 90' lang='lat' dir='ltr'>attrahunt.</span> 
     </span>
    </p>

    <p class='ocr_par' dir='ltr' id='par_1_5' title="bbox 193 1781 2779 2269">
     <span class='ocr_line' id='line_1_16' title="bbox 319 1781 2710 1865; baseline -0 -18"><span class='ocrx_word' id='word_1_131' title='bbox 319 1785 517 1847; x_wconf 86' lang='lat' dir='ltr'><em>Corol.</em></span> <span class='ocrx_word' id='word_1_132' title='bbox 557 1806 610 1847; x_wconf 91' lang='lat'>2.</span> <span class='ocrx_word' id='word_1_133' title='bbox 653 1785 834 1846; x_wconf 89' lang='lat' dir='ltr'>Idem</span> <span class='ocrx_word' id='word_1_134' title='bbox 866 1782 1053 1857; x_wconf 89' lang='lat' dir='ltr'>valet,</span> <span class='ocrx_word' id='word_1_135' title='bbox 1086 1783 1194 1845; x_wconf 91' lang='lat' dir='ltr'>ubi</span> <span class='ocrx_word' id='word_1_136' title='bbox 1226 1782 1479 1865; x_wconf 79' lang='lat' dir='ltr'>sphaera</span> <span class='ocrx_word' id='word_1_137' title='bbox 1508 1795 1777 1845; x_wconf 91' lang='lat' dir='ltr'>attracta</span> <span class='ocrx_word' id='word_1_138' title='bbox 1807 1783 2000 1846; x_wconf 92' lang='lat' dir='ltr'>etiam</span> <span class='ocrx_word' id='word_1_139' title='bbox 2030 1781 2306 1846; x_wconf 91' lang='lat' dir='ltr'>attrahit.</span> <span class='ocrx_word' id='word_1_140' title='bbox 2404 1782 2710 1865; x_wconf 90' lang='lat' dir='ltr'>Namque</span> 
     </span>
     <span class='ocr_line' id='line_1_17' title="bbox 194 1881 2779 1969; baseline -0.003 -21"><span class='ocrx_word' id='word_1_141' title='bbox 194 1883 383 1968; x_wconf 90' lang='lat' dir='ltr'>hujus</span> <span class='ocrx_word' id='word_1_142' title='bbox 414 1898 650 1967; x_wconf 88' lang='lat' dir='ltr'>puncta</span> <span class='ocrx_word' id='word_1_143' title='bbox 679 1883 929 1969; x_wconf 84' lang='lat' dir='ltr'>singula</span> <span class='ocrx_word' id='word_1_144' title='bbox 974 1884 1228 1948; x_wconf 90' lang='lat' dir='ltr'>trahent</span> <span class='ocrx_word' id='word_1_145' title='bbox 1273 1882 1525 1968; x_wconf 85' lang='lat' dir='ltr'>singula</span> <span class='ocrx_word' id='word_1_146' title='bbox 1568 1881 1827 1946; x_wconf 89' lang='lat' dir='ltr'>alterius</span> <span class='ocrx_word' id='word_1_147' title='bbox 1872 1882 2101 1946; x_wconf 90' lang='lat' dir='ltr'>eadem</span> <span class='ocrx_word' id='word_1_148' title='bbox 2145 1883 2228 1957; x_wconf 90' lang='lat' dir='ltr'>vi,</span> <span class='ocrx_word' id='word_1_149' title='bbox 2262 1904 2390 1965; x_wconf 92' lang='lat' dir='ltr'>qua</span> <span class='ocrx_word' id='word_1_150' title='bbox 2433 1883 2516 1946; x_wconf 93' lang='lat' dir='ltr'>ab</span> <span class='ocrx_word' id='word_1_151' title='bbox 2553 1883 2708 1965; x_wconf 89' lang='lat' dir='ltr'>ipsis</span> <span class='ocrx_word' id='word_1_152' title='bbox 2771 1933 2779 1941; x_wconf 92' lang='lat'><strong>.</strong></span> 
     </span>
     <span class='ocr_line' id='line_1_18' title="bbox 194 1984 2710 2068; baseline -0 -20"><span class='ocrx_word' id='word_1_153' title='bbox 194 1987 473 2048; x_wconf 89' lang='lat' dir='ltr'>vicissim</span> <span class='ocrx_word' id='word_1_154' title='bbox 533 1986 901 2061; x_wconf 88' lang='lat' dir='ltr'>trahuntur;</span> <span class='ocrx_word' id='word_1_155' title='bbox 951 1986 1225 2068; x_wconf 90' lang='lat' dir='ltr'>ideoque</span> <span class='ocrx_word' id='word_1_156' title='bbox 1271 2008 1416 2048; x_wconf 90' lang='lat' dir='ltr'>cum</span> <span class='ocrx_word' id='word_1_157' title='bbox 1470 1985 1534 2047; x_wconf 91' lang='lat' dir='ltr'>in</span> <span class='ocrx_word' id='word_1_158' title='bbox 1588 1985 1763 2048; x_wconf 89' lang='lat' dir='ltr'>omni</span> <span class='ocrx_word' id='word_1_159' title='bbox 1808 1985 2184 2053; x_wconf 84' lang='lat' dir='ltr'>attractione</span> <span class='ocrx_word' id='word_1_160' title='bbox 2228 1996 2531 2068; x_wconf 87' lang='lat' dir='ltr'>urgeatur</span> <span class='ocrx_word' id='word_1_161' title='bbox 2568 1984 2710 2068; x_wconf 92' lang='lat' dir='ltr'>(per</span> 
     </span>
     <span class='ocr_line' id='line_1_19' title="bbox 193 2085 2705 2172; baseline -0 -23"><span class='ocrx_word' id='word_1_162' title='bbox 193 2085 403 2171; x_wconf 85' lang='lat' dir='ltr'>legem</span> <span class='ocrx_word' id='word_1_163' title='bbox 435 2086 532 2172; x_wconf 91' lang='lat'>111)</span> <span class='ocrx_word' id='word_1_164' title='bbox 568 2101 698 2150; x_wconf 89' lang='lat' dir='ltr'>tam</span> <span class='ocrx_word' id='word_1_165' title='bbox 730 2100 1035 2170; x_wconf 91' lang='lat' dir='ltr'>punctum</span> <span class='ocrx_word' id='word_1_166' title='bbox 1067 2087 1409 2161; x_wconf 81' lang='lat' dir='ltr'>attrahenS,</span> <span class='ocrx_word' id='word_1_167' title='bbox 1444 2109 1637 2169; x_wconf 89' lang='lat' dir='ltr'>quam</span> <span class='ocrx_word' id='word_1_168' title='bbox 1680 2099 1987 2169; x_wconf 90' lang='lat' dir='ltr'>punctum</span> <span class='ocrx_word' id='word_1_169' title='bbox 2032 2098 2389 2164; x_wconf 89' lang='lat' dir='ltr'>attractum,</span> <span class='ocrx_word' id='word_1_170' title='bbox 2420 2085 2705 2170; x_wconf 87' lang='lat' dir='ltr'>gemina-</span> 
     </span>
     <span class='ocr_line' id='line_1_20' title="bbox 193 2186 2193 2269; baseline -0.001 -19"><span class='ocrx_word' id='word_1_171' title='bbox 193 2188 364 2250; x_wconf 91' lang='lat' dir='ltr'>bitur</span> <span class='ocrx_word' id='word_1_172' title='bbox 393 2189 490 2250; x_wconf 89' lang='lat' dir='ltr'>vis</span> <span class='ocrx_word' id='word_1_173' title='bbox 522 2190 913 2251; x_wconf 90' lang='lat' dir='ltr'>attractionis</span> <span class='ocrx_word' id='word_1_174' title='bbox 946 2201 1201 2262; x_wconf 81' lang='lat' dir='ltr'>mutuae,</span> <span class='ocrx_word' id='word_1_175' title='bbox 1235 2187 1628 2250; x_wconf 89' lang='lat' dir='ltr'>conservatis</span> <span class='ocrx_word' id='word_1_176' title='bbox 1659 2186 2193 2269; x_wconf 79' lang='lat' dir='ltr'>proportionibus,</span> 
     </span>
    </p>

    <p class='ocr_par' dir='ltr' id='par_1_6' title="bbox 191 2287 2721 2675">
     <span class='ocr_line' id='line_1_21' title="bbox 313 2287 2709 2371; baseline -0 -18"><span class='ocrx_word' id='word_1_177' title='bbox 313 2290 513 2353; x_wconf 87' lang='lat' dir='ltr'><em>Corol.</em></span> <span class='ocrx_word' id='word_1_178' title='bbox 567 2312 619 2371; x_wconf 84' lang='lat'>3.</span> <span class='ocrx_word' id='word_1_179' title='bbox 674 2291 924 2353; x_wconf 90' lang='lat' dir='ltr'>Eadem</span> <span class='ocrx_word' id='word_1_180' title='bbox 979 2290 1208 2362; x_wconf 88' lang='lat' dir='ltr'>omnia,</span> <span class='ocrx_word' id='word_1_181' title='bbox 1258 2311 1403 2371; x_wconf 86' lang='lat' dir='ltr'>quae</span> <span class='ocrx_word' id='word_1_182' title='bbox 1451 2289 1744 2371; x_wconf 90' lang='lat' dir='ltr'>superius</span> <span class='ocrx_word' id='word_1_183' title='bbox 1796 2289 1880 2352; x_wconf 93' lang='lat' dir='ltr'>de</span> <span class='ocrx_word' id='word_1_184' title='bbox 1928 2300 2104 2351; x_wconf 85' lang='lat' dir='ltr'>motu</span> <span class='ocrx_word' id='word_1_185' title='bbox 2154 2309 2491 2370; x_wconf 92' lang='lat' dir='ltr'>corporum</span> <span class='ocrx_word' id='word_1_186' title='bbox 2543 2287 2709 2352; x_wconf 88' lang='lat' dir='ltr'>circa</span> 
     </span>
     <span class='ocr_line' id='line_1_22' title="bbox 193 2389 2709 2464; baseline -0 -10"><span class='ocrx_word' id='word_1_187' title='bbox 193 2389 560 2458; x_wconf 88' lang='lat' dir='ltr'>umbilicum</span> <span class='ocrx_word' id='word_1_188' title='bbox 635 2392 994 2455; x_wconf 89' lang='lat' dir='ltr'>conicarum</span> <span class='ocrx_word' id='word_1_189' title='bbox 1062 2391 1417 2453; x_wconf 89' lang='lat' dir='ltr'>sectionum</span> <span class='ocrx_word' id='word_1_190' title='bbox 1478 2390 1917 2453; x_wconf 89' lang='lat' dir='ltr'>demonstrata</span> <span class='ocrx_word' id='word_1_191' title='bbox 1988 2402 2153 2464; x_wconf 90' lang='lat' dir='ltr'>sunt,</span> <span class='ocrx_word' id='word_1_192' title='bbox 2215 2390 2522 2463; x_wconf 89' lang='lat' dir='ltr'>obtinent,</span> <span class='ocrx_word' id='word_1_193' title='bbox 2597 2389 2709 2453; x_wconf 90' lang='lat' dir='ltr'>ubi</span> 
     </span>
     <span class='ocr_line' id='line_1_23' title="bbox 192 2490 2709 2575; baseline 0 -21"><span class='ocrx_word' id='word_1_194' title='bbox 192 2492 445 2573; x_wconf 87' lang='lat' dir='ltr'>sphaera</span> <span class='ocrx_word' id='word_1_195' title='bbox 503 2492 829 2555; x_wconf 87' lang='lat' dir='ltr'>attrahens</span> <span class='ocrx_word' id='word_1_196' title='bbox 889 2492 1132 2557; x_wconf 91' lang='lat' dir='ltr'>locatur</span> <span class='ocrx_word' id='word_1_197' title='bbox 1185 2491 1246 2554; x_wconf 94' lang='lat' dir='ltr'>in</span> <span class='ocrx_word' id='word_1_198' title='bbox 1308 2490 1624 2566; x_wconf 90' lang='lat' dir='ltr'>umbilico,</span> <span class='ocrx_word' id='word_1_199' title='bbox 1681 2492 1744 2555; x_wconf 85' lang='lat'>&amp;</span> <span class='ocrx_word' id='word_1_200' title='bbox 1803 2514 2070 2575; x_wconf 90' lang='lat' dir='ltr'>corpora</span> <span class='ocrx_word' id='word_1_201' title='bbox 2128 2504 2471 2555; x_wconf 91' lang='lat' dir='ltr'>moventur</span> <span class='ocrx_word' id='word_1_202' title='bbox 2527 2502 2709 2555; x_wconf 87' lang='lat' dir='ltr'>extra</span> 
     </span>
     <span class='ocr_line' id='line_1_24' title="bbox 191 2593 2721 2675; baseline -0.001 -18"><span class='ocrx_word' id='word_1_203' title='bbox 191 2593 526 2675; x_wconf 81' lang='lat' dir='ltr'>sphaeram.</span> <span class='ocrx_word' id='word_1_204' title='bbox 2716 2671 2721 2675; x_wconf 86' lang='lat'>.</span> 
     </span>
    </p>

    <p class='ocr_par' dir='ltr' id='par_1_7' title="bbox 194 2692 2711 2976">
     <span class='ocr_line' id='line_1_25' title="bbox 316 2692 2707 2777; baseline 0 -22"><span class='ocrx_word' id='word_1_205' title='bbox 316 2694 516 2756; x_wconf 87' lang='lat' dir='ltr'><em>Corol.</em></span> <span class='ocrx_word' id='word_1_206' title='bbox 553 2713 610 2772; x_wconf 89' lang='lat'>4.</span> <span class='ocrx_word' id='word_1_207' title='bbox 651 2694 753 2757; x_wconf 92' lang='lat' dir='ltr'>Ea</span> <span class='ocrx_word' id='word_1_208' title='bbox 782 2715 953 2767; x_wconf 79' lang='lat' dir='ltr'>vem,</span> <span class='ocrx_word' id='word_1_209' title='bbox 981 2715 1126 2775; x_wconf 81' lang='lat' dir='ltr'>quae</span> <span class='ocrx_word' id='word_1_210' title='bbox 1158 2694 1241 2757; x_wconf 93' lang='lat' dir='ltr'>de</span> <span class='ocrx_word' id='word_1_211' title='bbox 1272 2706 1450 2758; x_wconf 91' lang='lat' dir='ltr'>motu</span> <span class='ocrx_word' id='word_1_212' title='bbox 1474 2716 1811 2777; x_wconf 89' lang='lat' dir='ltr'>corporum</span> <span class='ocrx_word' id='word_1_213' title='bbox 1835 2692 2000 2758; x_wconf 90' lang='lat' dir='ltr'>circa</span> <span class='ocrx_word' id='word_1_214' title='bbox 2029 2707 2316 2759; x_wconf 89' lang='lat' dir='ltr'>centrum</span> <span class='ocrx_word' id='word_1_215' title='bbox 2348 2693 2707 2758; x_wconf 89' lang='lat' dir='ltr'>conicarum</span> 
     </span>
     <span class='ocr_line' id='line_1_26' title="bbox 194 2794 2711 2880; baseline 0 -24"><span class='ocrx_word' id='word_1_216' title='bbox 194 2794 547 2856; x_wconf 90' lang='lat' dir='ltr'>sectionum</span> <span class='ocrx_word' id='word_1_217' title='bbox 621 2794 1153 2868; x_wconf 90' lang='lat' dir='ltr'>demonstrantur,</span> <span class='ocrx_word' id='word_1_218' title='bbox 1230 2795 1523 2858; x_wconf 92' lang='lat' dir='ltr'>obtinent</span> <span class='ocrx_word' id='word_1_219' title='bbox 1596 2795 1701 2858; x_wconf 91' lang='lat' dir='ltr'>ubi</span> <span class='ocrx_word' id='word_1_220' title='bbox 1794 2808 2006 2859; x_wconf 90' lang='lat' dir='ltr'>motus</span> <span class='ocrx_word' id='word_1_221' title='bbox 2079 2807 2473 2880; x_wconf 86' lang='lat' dir='ltr'>peraguntur</span> <span class='ocrx_word' id='word_1_222' title='bbox 2544 2795 2711 2859; x_wconf 92' lang='lat' dir='ltr'>intra</span> 
     </span>
     <span class='ocr_line' id='line_1_27' title="bbox 194 2894 528 2976; baseline -0.009 -18"><span class='ocrx_word' id='word_1_223' title='bbox 194 2894 528 2976; x_wconf 82' lang='lat' dir='ltr'>sphaeram.</span> 
     </span>
    </p>
   </div>
   <div class='ocr_carea' id='block_1_4' title="bbox 325 3185 2587 3255">
    <p class='ocr_par' dir='ltr' id='par_1_8' title="bbox 325 3185 2587 3255">
     <span class='ocr_line' id='line_1_28' title="bbox 325 3185 2587 3255; baseline 0.003 -7"><span class='ocrx_word' id='word_1_224' title='bbox 325 3185 966 3250; x_wconf 88' lang='lat' dir='ltr'>PROPOSITIO</span> <span class='ocrx_word' id='word_1_225' title='bbox 1031 3186 1402 3253; x_wconf 89' lang='lat' dir='ltr'><strong>LXXVI.</strong></span> <span class='ocrx_word' id='word_1_226' title='bbox 1526 3187 2144 3254; x_wconf 91' lang='lat' dir='ltr'>THEOREMA</span> <span class='ocrx_word' id='word_1_227' title='bbox 2210 3190 2587 3255; x_wconf 92' lang='lat' dir='ltr'>XXXVI.</span> 
     </span>
    </p>
   </div>
   <div class='ocr_carea' id='block_1_5' title="bbox 198 3350 2712 3906">
    <p class='ocr_par' dir='ltr' id='par_1_9' title="bbox 198 3350 2712 3906">
     <span class='ocr_line' id='line_1_29' title="bbox 198 3350 2712 3444; baseline 0.003 -27"><span class='ocrx_word' id='word_1_228' title='bbox 198 3355 283 3418; x_wconf 86' lang='lat' dir='ltr'>Si</span> <span class='ocrx_word' id='word_1_229' title='bbox 318 3355 577 3437; x_wconf 55' lang='lat' dir='ltr'>,sskaerce</span> <span class='ocrx_word' id='word_1_230' title='bbox 616 3356 688 3418; x_wconf 81' lang='lat' dir='ltr'>in</span> <span class='ocrx_word' id='word_1_231' title='bbox 715 3364 1061 3440; x_wconf 78' lang='lat' dir='ltr'>progressu</span> <span class='ocrx_word' id='word_1_232' title='bbox 1104 3379 1146 3419; x_wconf 95' lang='lat' dir='ltr'>a</span> <span class='ocrx_word' id='word_1_233' title='bbox 1189 3365 1396 3420; x_wconf 84' lang='lat' dir='ltr'><em>centro</em></span> <span class='ocrx_word' id='word_1_234' title='bbox 1439 3357 1532 3420; x_wconf 87' lang='lat' dir='ltr'>aa&#39;</span> <span class='ocrx_word' id='word_1_235' title='bbox 1565 3358 2138 3440; x_wconf 74' lang='lat' dir='ltr'><em>circumfhrentzam</em></span> <span class='ocrx_word' id='word_1_236' title='bbox 2163 3361 2411 3444; x_wconf 81' lang='lat' dir='ltr'>(quoad</span> <span class='ocrx_word' id='word_1_237' title='bbox 2431 3350 2712 3426; x_wconf 73' lang='lat' dir='ltr'>matem&#39;ae</span> 
     </span>
     <span class='ocr_line' id='line_1_30' title="bbox 282 3471 2708 3560; baseline 0.003 -27"><span class='ocrx_word' id='word_1_238' title='bbox 282 3471 643 3534; x_wconf 80' lang='lat' dir='ltr'>densitatem</span> <span class='ocrx_word' id='word_1_239' title='bbox 677 3474 760 3540; x_wconf 60' lang='grc' dir='ltr'>ὥ*</span> <span class='ocrx_word' id='word_1_240' title='bbox 799 3473 929 3536; x_wconf 83' lang='lat' dir='ltr'>vim</span> <span class='ocrx_word' id='word_1_241' title='bbox 972 3473 1411 3550; x_wconf 84' lang='lat' dir='ltr'><em>attractivam)</em></span> <span class='ocrx_word' id='word_1_242' title='bbox 1457 3482 1770 3558; x_wconf 79' lang='lat' dir='ltr'><em>utcunque</em></span> <span class='ocrx_word' id='word_1_243' title='bbox 1808 3475 2232 3551; x_wconf 66' lang='lat' dir='ltr'>dissimilares,</span> <span class='ocrx_word' id='word_1_244' title='bbox 2264 3477 2337 3539; x_wconf 82' lang='lat' dir='ltr'>in</span> <span class='ocrx_word' id='word_1_245' title='bbox 2363 3485 2708 3560; x_wconf 78' lang='lat' dir='ltr'>progressu</span> 
     </span>
     <span class='ocr_line' id='line_1_31' title="bbox 284 3588 2711 3670; baseline 0.003 -22"><span class='ocrx_word' id='word_1_246' title='bbox 284 3608 426 3649; x_wconf 81' lang='lat' dir='ltr'>vero</span> <span class='ocrx_word' id='word_1_247' title='bbox 475 3594 596 3670; x_wconf 72' lang='lat' dir='ltr'>per</span> <span class='ocrx_word' id='word_1_248' title='bbox 649 3588 985 3652; x_wconf 81' lang='lat' dir='ltr'><em>circuitum</em></span> <span class='ocrx_word' id='word_1_249' title='bbox 1042 3588 1134 3651; x_wconf 87' lang='lat' dir='ltr'>aa&#39;</span> <span class='ocrx_word' id='word_1_250' title='bbox 1182 3589 1400 3651; x_wconf 83' lang='lat' dir='ltr'>datam</span> <span class='ocrx_word' id='word_1_251' title='bbox 1458 3612 1697 3653; x_wconf 82' lang='lat' dir='ltr'>omnem</span> <span class='ocrx_word' id='word_1_252' title='bbox 1754 3613 1797 3653; x_wconf 96' lang='lat' dir='ltr'>a</span> <span class='ocrx_word' id='word_1_253' title='bbox 1862 3600 2069 3655; x_wconf 83' lang='lat' dir='ltr'><em>centro</em></span> <span class='ocrx_word' id='word_1_254' title='bbox 2125 3593 2500 3656; x_wconf 76' lang='lat' dir='ltr'>distantiam</span> <span class='ocrx_word' id='word_1_255' title='bbox 2555 3602 2711 3657; x_wconf 85' lang='lat' dir='ltr'><em>sunt</em></span> 
     </span>
     <span class='ocr_line' id='line_1_32' title="bbox 283 3700 2707 3792; baseline 0.005 -31"><span class='ocrx_word' id='word_1_256' title='bbox 283 3700 561 3782; x_wconf 78' lang='lat' dir='ltr'><em>undique</em></span> <span class='ocrx_word' id='word_1_257' title='bbox 606 3700 917 3766; x_wconf 80' lang='lat' dir='ltr'><em>similares</em></span> <span class='ocrx_word' id='word_1_258' title='bbox 937 3729 962 3777; x_wconf 86' lang='lat'>‚·</span> <span class='ocrx_word' id='word_1_259' title='bbox 1025 3705 1108 3772; x_wconf 56' lang='grc' dir='ltr'>ἐπ’</span> <span class='ocrx_word' id='word_1_260' title='bbox 1163 3704 1257 3768; x_wconf 85' lang='lat' dir='ltr'>vis</span> <span class='ocrx_word' id='word_1_261' title='bbox 1302 3706 1643 3768; x_wconf 77' lang='lat' dir='ltr'>attractiva</span> <span class='ocrx_word' id='word_1_262' title='bbox 1677 3707 1917 3788; x_wconf 75' lang='lat' dir='ltr'><em>puncti</em></span> <span class='ocrx_word' id='word_1_263' title='bbox 1969 3709 2264 3792; x_wconf 81' lang='lat' dir='ltr'>cujusque</span> <span class='ocrx_word' id='word_1_264' title='bbox 2310 3710 2593 3774; x_wconf 80' lang='lat' dir='ltr'><em>decrescit</em></span> <span class='ocrx_word' id='word_1_265' title='bbox 2635 3710 2707 3773; x_wconf 86' lang='lat' dir='ltr'>in</span> 
     </span>
     <span class='ocr_line' id='line_1_33' title="bbox 282 3813 2710 3906; baseline 0.002 -26"><span class='ocrx_word' id='word_1_266' title='bbox 282 3813 604 3899; x_wconf 80' lang='lat' dir='ltr'>duplicata</span> <span class='ocrx_word' id='word_1_267' title='bbox 633 3816 881 3881; x_wconf 81' lang='lat' dir='ltr'><em>ratione</em></span> <span class='ocrx_word' id='word_1_268' title='bbox 905 3817 1225 3882; x_wconf 78' lang='lat' dir='ltr'><em>distantia·</em></span> <span class='ocrx_word' id='word_1_269' title='bbox 1252 3819 1529 3901; x_wconf 74' lang='lat' dir='ltr'>corporis</span> <span class='ocrx_word' id='word_1_270' title='bbox 1556 3822 1825 3885; x_wconf 78' lang='lat' dir='ltr'><em>attracti</em></span> <span class='ocrx_word' id='word_1_271' title='bbox 1838 3848 1857 3887; x_wconf 93' lang='lat'>.·</span> <span class='ocrx_word' id='word_1_272' title='bbox 1900 3822 2033 3886; x_wconf 86' lang='lat' dir='ltr'>dico</span> <span class='ocrx_word' id='word_1_273' title='bbox 2074 3823 2247 3906; x_wconf 82' lang='lat' dir='ltr'><em>quod</em></span> <span class='ocrx_word' id='word_1_274' title='bbox 2267 3819 2369 3887; x_wconf 59' lang='lat' dir='ltr'>vis&#39;</span> <span class='ocrx_word' id='word_1_275' title='bbox 2404 3818 2550 3899; x_wconf 90' lang='lat' dir='ltr'>tota,</span> <span class='ocrx_word' id='word_1_276' title='bbox 2580 3819 2710 3906; x_wconf 73' lang='lat' dir='ltr'>qua</span> 
     </span>
    </p>
   </div>
  </div>
 </body>
</html>
