2846 4250
129 146 251 204 492
916 123 1032 173 DE
1063 121 1351 174 MUNDJ
1375 119 1735 174 SYSTEMA
1744 121 1842 171 TE

395 412 1037 477 PROPOSITIO
1123 411 1331 474 XLI.
1475 410 2054 475 PROBLEMA
2141 412 2367 478 XXI.

138 601 400 674 Cometae
425 599 496 662 z‘n
506 599 827 681 ‘parabola
870 597 1029 661 moti
1067 596 1496 680 trajectorzzzm
1538 618 1615 660 ex
1653 596 1820 660 datis
1863 597 2069 661 tribus
2111 597 2634 662 observationibus

1165 710 1595 775 determinare.

251 950 584 1016 Problema
636 951 832 1014 hocce
889 949 1082 1034 longe
1134 949 1572 1014 difficillimum
1625 950 2002 1017 multimode
2052 975 2412 1038 aggressuS,
2467 978 2635 1020 com-

131 1054 312 1137 posui
361 1051 758 1135 problemata
809 1051 1107 1134 quaedam
1163 1052 1227 1112 in
1275 1050 1436 1115 libro
1480 1052 1705 1134 primo,
1742 1075 1888 1135 quae
1940 1053 2023 1115 ad
2073 1055 2211 1137 ejus
2258 1054 2641 1119 solutionem

110 1163 437 1236 spectant.
535 1154 768 1216 Postea
814 1150 1197 1215 solutionem
1241 1165 1621 1235 sequentem
1665 1151 1858 1235 paulo
1902 1151 2352 1236 simpliciorem
2384 1157 2639 1241 excogi-

130 1254 278 1317 tavi.

244 1352 611 1438 Seligantur
653 1365 782 1415 tres
829 1351 1311 1415 observationes
1357 1350 1710 1435 aequalibus
1755 1365 2122 1436 temporum
2169 1355 2517 1419 intervallis
2561 1359 2645 1421 ab

130 1455 402 1517 invicem
462 1453 947 1536 quamproxime
1010 1453 1338 1517 distantes,
1463 1454 1565 1516 Sit
1616 1466 1832 1517 autem
1880 1456 2187 1537 temporis
2242 1456 2644 1521 intervallum
2727 1497 2730 1501 ι

131 1554 299 1630 illud,
333 1555 440 1616 ubi
473 1567 722 1617 cometa
766 1554 1008 1616 tardius
1054 1567 1363 1628 movetur,
1397 1552 1589 1636 paulo
1635 1555 1840 1638 majus
1871 1553 2088 1630 altero,
2123 1556 2212 1618 ita
2240 1556 2544 1622 videlicet
2573 1573 2646 1623 ut

130 1670 489 1738 temporum
521 1656 878 1718 differentia
908 1657 991 1718 sit
1020 1656 1102 1717 ad
1135 1678 1450 1718 summam
1482 1669 1862 1739 temporum,
1896 1669 1968 1718 ut
1997 1679 2248 1720 summa
2280 1671 2642 1742 temporum

130 1759 214 1820 ad
258 1758 396 1821 dies
439 1756 583 1840 plus
628 1757 837 1820 minus
882 1770 1283 1834 sexcentos;·
1317 1755 1421 1820 vel
1467 1769 1540 1819 ut
1583 1770 1891 1839 punctum
1936 1758 2008 1820 E
2040 1758 2130 1843 (in
2177 1758 2281 1843 fig.
2316 1758 2464 1824 lem.
2498 1761 2640 1846 vm)

129 3694 363 3758 incidat
392 3695 455 3757 in
486 3706 792 3778 punctum
837 3695 935 3758 M
953 3697 1456 3780 quamproxime,
1492 3697 1554 3762 8c
1599 3699 1750 3763 inde
1794 3700 2048 3764 aberret
2091 3718 2317 3762 versus
2346 3695 2398 3758 I
2419 3693 2631 3778 potius

122 3818 314 3879 quam
344 3819 566 3860 versus
596 3798 687 3861 A.
783 3797 854 3860 Si
886 3796 1045 3861 tales
1077 3799 1558 3863 observationes
1600 3822 1726 3864 non
1759 3815 1997 3884 praesto
2029 3800 2173 3874 sint,
2208 3795 2635 3861 inveniendus

124 3910 223 3960 est
252 3919 457 3961 novus
488 3910 756 3963 cometae
785 3897 961 3963 locus
992 3921 1110 3982 per
1140 3898 1377 3963 lemma
1406 3914 1676 3965 sextum.
