2846 4224
188 127 264 206 78
1006 123 1122 173 DE
1156 122 1234 172 M
1230 121 1393 173 OTU
1419 119 1726 172 CORPOR
1738 119 1861 170 ΗΜ
2735 0 2846 366 ¹¹

181 305 614 358 occurrentem
646 289 787 354 loco
818 291 880 352 in
909 291 986 354 F.
1069 290 1300 352 Inven-

184 395 346 458 ietur
403 406 616 456 autem
687 405 991 474 punctum
1056 392 1128 452 F
1190 411 1306 471 per

185 494 328 557 lem.
366 513 498 556 XIX.
557 496 563 504 '
596 492 818 554 Biseca
846 493 914 553 B
935 493 1007 553 F
1026 492 1089 552 in
1132 492 1207 564 G,
1243 490 1304 551 &

182 608 325 656 acta
355 592 683 655 indefinita
713 592 782 652 A
817 591 878 653 G
914 591 1034 652 erit
1071 590 1303 671 positio

185 693 476 756 diametri
526 692 609 753 ad
656 712 847 773 quam
876 691 943 751 B
972 690 1033 751 G
1064 689 1125 750 &
1155 690 1226 750 F
1244 689 1305 750 G

184 794 522 858 ordinatim
589 791 997 874 applicantur.
1138 790 1304 851 Haec

184 896 254 957 A
296 896 358 957 G
414 907 700 957 occurrat
757 891 895 954 loco
957 891 1019 951 in
1078 891 1177 966 H,
1242 889 1305 951 &

185 996 304 1057 erit
353 995 422 1055 A
452 994 541 1055 H
590 993 899 1054 diameter
949 991 1086 1052 sive
1139 988 1302 1051 latus

185 1108 631 1165 transversum,
658 1091 739 1153 ad
772 1091 945 1172 quod
976 1089 1139 1152 latus
1172 1112 1301 1152 rec-

185 1209 319 1256 tum
372 1194 490 1255 erit
541 1205 611 1253 ut
654 1193 870 1273 BGq
914 1191 996 1252 ad
1051 1192 1120 1251 A
1157 1191 1282 1252 G><

190 1295 366 1357 GH.
469 1294 538 1355 Si
601 1293 670 1354 A
706 1293 766 1354 G
825 1312 1139 1373 nusquam
1200 1312 1301 1351 oc-

185 1395 375 1457 currit
404 1392 558 1467 loco,
593 1392 759 1455 linea
788 1392 858 1453 A
881 1392 970 1453 H
992 1391 1305 1453 existente

186 1497 443 1569 infinita,
491 1493 665 1557 locus
711 1494 829 1556 erit
872 1489 1192 1575 parabola,
1243 1491 1304 1553 &

2138 1595 2355 1677 BGq

2467 1648 2583 1712 Sin
2614 1672 2691 1712 ea

181 1652 346 1715 latus
393 1665 631 1714 rectum
678 1651 813 1734 ejus
859 1649 940 1711 ad
987 1649 1367 1710 diametrum
1412 1649 1482 1709 A
1519 1649 1580 1711 G
1623 1648 1949 1731 pertinens
1989 1649 2108 1711 erit

181 1799 408 1863 alicubi
454 1801 735 1873 occurrit,
768 1799 942 1862 locus
989 1799 1339 1882 hyperbola
1370 1801 1503 1874 erit,
1538 1801 1645 1862 ubi
1678 1813 1913 1882 puncta
1943 1801 2014 1861 A
2053 1800 2115 1863 &
2144 1802 2234 1863 H
2262 1802 2384 1864 sita
2414 1816 2564 1865 sunt
2608 1803 2689 1864 ad

184 1902 443 1964 easdem
489 1915 701 1983 partes
748 1902 943 1983 ipsius
995 1902 1084 1964 G:
1131 1902 1193 1963 &
1225 1901 1478 1983 ellipsis,
1512 1903 1619 1964 ubi
1658 1903 1719 1964 G
1750 1901 2196 1963 intermedium
2229 1916 2342 1977 est,
2378 1904 2498 1965 nisi
2528 1903 2692 1967 forte

183 2001 452 2086 angulus
506 2002 575 2062 A
610 2002 758 2063 GB
802 2016 1008 2064 rectus
1055 2002 1151 2075 sit,
1202 2002 1263 2063 &
1310 2003 1567 2084 insuper
1609 2004 1676 2064 B
1704 2003 1765 2065 G
1808 2002 1991 2084 qnaa'.
2030 2002 2279 2085 aequale
2325 2003 2694 2089 rectangulo

182 2105 252 2165 A
288 2104 349 2165 G
371 2104 466 2179 H,
501 2125 629 2184 quo
662 2103 723 2164 in
756 2125 904 2164 casu
938 2101 1201 2163 circulus
1234 2102 1583 2165 habebitur.

300 2205 521 2287 Atque
591 2205 677 2266 ita
743 2202 1153 2286 problematis
1214 2218 1505 2266 veterum
1565 2205 1648 2267 de
1709 2218 1984 2287 quatuor
2041 2203 2222 2268 lineis
2282 2207 2366 2268 ab
2425 2207 2700 2269 Euclide

185 2306 442 2387 incoepti
506 2305 566 2367 &
626 2306 708 2366 ab
769 2304 1115 2386 Apollonio
1174 2306 1522 2368 continuati
1584 2327 1712 2368 non
1773 2303 2064 2379 calculuS,
2129 2307 2244 2370 sed
2319 2309 2695 2390 compositio

180 2406 583 2488 geometrica,
618 2403 870 2487 qualem
902 2418 1153 2467 veteres
1185 2406 1573 2487 quaerebant,
1609 2407 1670 2468 in
1704 2406 1824 2469 hoc
1855 2406 2183 2471 corollario
2214 2409 2563 2473 exhibetur.

1075 2699 1520 2760 LEMMA
1601 2700 1798 2763 XX.

186 2869 271 2930 Si
294 2869 974 2950 parallelogrammum
1003 2869 1259 2951 quodvis
1304 2867 1369 2930 A
1392 2868 1438 2931 S
1468 2869 1515 2929 P
1540 2869 1601 2950 Q
1646 2871 1902 2953 angulis
1928 2871 2165 2934 a'nobns
2192 2874 2483 2956 oppositis
2512 2874 2577 2936 A
2614 2876 2698 2942 ὢ*

277 2983 324 3043 Ρ
359 2983 569 3065 tangit
594 2983 906 3045 sectionem
933 2984 1220 3064 quamvis
1247 2983 1518 3045 conicam
1548 2984 1618 3044 in
1646 2986 1909 3065 punctis
1940 2986 2004 3048 A
2041 2989 2125 3054 ὥ*
2159 2988 2234 3064 Ρ;
2286 2991 2370 3056 69³
2399 2991 2699 3054 lateribus

270 3100 464 3161 nnius
491 3100 875 3180 angulorum
905 3099 1172 3160 illorum
1201 3097 1455 3179 infinite
1471 3099 1803 3179 productis
1834 3101 1897 3163 A
1923 3103 2004 3183 Q,
2040 3102 2105 3164 A
2127 3103 2174 3166 S
2207 3106 2484 3167 occurrit
2508 3106 2698 3168 eidem

269 3212 522 3275 sectioni
558 3213 777 3274 conica>
817 3213 889 3273 in
938 3212 989 3273 B
1027 3214 1110 3278 &³
1142 3212 1229 3285 C;
1271 3235 1312 3273 a
1348 3214 1613 3293 punctis
1640 3224 1852 3277 autem
1896 3238 2260 3279 occursnnm
2311 3219 2362 3279 B
2399 3220 2483 3285 ὣ*
2514 3219 2568 3281 C
2612 3220 2705 3281 aa'

269 3326 565 3409 quintum
593 3326 849 3407 quodvis
875 3328 1152 3389 sectionis
1179 3328 1396 3389 conicae
1409 3337 1727 3410 punctum
1762 3332 1826 3393 D
1858 3340 2146 3414 agantur
2166 3341 2343 3395 rectae
2369 3334 2511 3395 cluae
2543 3335 2592 3396 Β
2609 3335 2693 3412 D,
2828 3408 2830 3411 ¹

274 3440 328 3502 C
355 3439 418 3501 D
473 3448 849 3502 occurrentes
897 3441 1117 3503 alteris
1166 3442 1401 3504 duobus
1445 3443 1699 3525 infinite
1730 3447 2063 3526 productis
2097 3450 2705 3534 parallelogrammi
2826 3383 2838 3518 i

270 3554 570 3616 lateribus
603 3554 651 3614 P
674 3554 742 3630 S,
780 3555 828 3615 P
853 3555 914 3635 Q
946 3556 1016 3617 in
1050 3557 1109 3618 T
1146 3559 1229 3624 <⁰9³
1264 3559 1324 3619 R
1352 3581 1364 3620 ε
1410 3568 1602 3621 erunt
1626 3569 1864 3642 semper
1887 3564 2162 3626 abscissae
2188 3565 2462 3627 laterum
2475 3573 2700 3648 partes

277 3668 324 3729 P
350 3668 411 3730 R
446 3670 529 3734 <⁶3³
578 3669 625 3728 Ρ
651 3669 709 3730 Τ
754 3669 847 3730 ad
882 3669 1138 3732 invicem
1183 3673 1254 3734 in
1297 3673 1451 3735 data
1495 3675 1751 3738 ratione.
1846 3678 1944 3739 Et
1969 3686 2205 3751 contra,
2237 3678 2300 3741 si
2314 3687 2541 3762 partes
2569 3680 2703 3742 illae
2825 3667 2837 3758 Ξ

267 3784 539 3845 abscissoe
564 3792 717 3845 sunt
743 3784 835 3845 aa'
854 3784 1112 3849 invicem
1142 3788 1211 3849 in
1241 3789 1393 3850 data
1423 3790 1682 3867 ratione,
1700 3799 2016 3872 punctum
2049 3793 2112 3854 D
2146 3802 2361 3876 tanget
2385 3794 2697 3857 sectionem

270 3899 541 3960 conicam
556 3907 684 3979 per
694 3907 940 3980 puncta
969 3909 1249 3982 quatuor
1278 3902 1361 3978 A,
1395 3903 1464 3979 B,
1494 3903 1567 3979 C,
1602 3904 1649 3965 P
1682 3914 2121 3971 transeuntem.
