2846 4224
143 110 221 169 62
967 108 1083 158 DE
1117 108 1355 160 MOTU
1399 109 1446 160 C
1448 106 1705 160 ORPOR
1718 107 1842 158 UM

141 277 370 340 tiarum
403 276 671 350 inverse,
706 273 770 337 81
798 274 1241 360 subduplicata
1270 278 1516 341 ratione
1545 276 1815 339 laterum
1862 287 2177 338 rectorum
2218 274 2665 360 principalium·

140 378 395 442 directe.
494 378 668 440 Nam
698 375 1152 460 perpendicula
1173 379 1310 462 jam
1341 390 1490 440 sunt
1521 378 1677 460 ipsae
1709 376 2046 439 distantiae.
2766 379 2770 386 ’

264 480 464 543 Corol.
510 494 587 558 ¹3.
656 478 946 561 Ideoque
1004 478 1309 542 velocitas
1357 478 1420 542 in
1466 478 1687 541 conica
1738 476 2038 550 sectione,
2094 475 2158 538 in
2219 476 2500 540 maxima
2555 476 2661 542 vel
2759 491 2762 509 ¹

141 580 403 643 minima
431 581 514 643 ab
544 578 842 643 umbilico
872 579 1190 653 distantia,
1223 592 1323 642 est
1351 578 1434 641 ad
1465 576 1871 641 velocitatem
1904 577 1967 639 in
2000 575 2232 640 circulo
2264 578 2328 640 in
2359 578 2589 642 eadem
2619 602 2660 643 a

45 696 52 701 '
139 695 358 745 centro
410 682 711 744 distantia
763 682 826 743 in
879 679 1322 763 subduplicata
1372 680 1618 742 ratione
1677 677 1893 742 lateris
1946 678 2099 741 recti
2153 677 2516 761 principalis
2574 680 2657 742 ad
2767 727 2777 738 ,,

139 780 400 864 duplam
433 781 601 845 illam
632 782 1014 844 distantiam.

259 883 459 948 Corol.
508 904 565 962 4.
618 884 975 966 Corporum
1022 883 1085 945 in
1131 880 1458 964 ellipsibus
1502 881 1869 965 gyrantium
1914 880 2288 945 velocitates
2320 881 2384 944 in
2416 882 2656 947 medio-

138 983 346 1046 cribus
398 985 714 1047 distantiis
766 985 848 1046 ab
901 982 1200 1046 umbilico
1251 982 1572 1046 communi
1626 995 1775 1045 sunt
1819 983 2083 1057 eaedem,
2128 1005 2275 1066 quae
2320 1006 2657 1066 corporum

135 1084 498 1168 gyrantium
552 1085 614 1146 in
668 1083 913 1147 circulis
968 1085 1051 1147 ad
1105 1085 1366 1147 easdem
1419 1084 1791 1160 distantias;
1846 1084 1968 1148 hoc
2014 1098 2114 1147 est
2170 1084 2312 1169 (per
2362 1084 2548 1150 corol.
2598 1092 2652 1152 6.

137 1207 315 1267 prop.
393 1185 503 1268 IV.)
568 1186 888 1268 reciproce
949 1186 1012 1248 in
1072 1183 1516 1267 subduplicata
1589 1184 1836 1248 ratione
1895 1185 2356 1250 distantiarum.
2481 1186 2656 1249 Nam

134 1285 585 1369 perpendicula
648 1289 785 1372 jam
859 1300 1009 1350 sunt
1067 1287 1415 1350 semi-axes
1476 1286 1770 1361 minoreS,
1835 1287 1898 1350 &
1957 1286 2022 1349 hi
2083 1299 2235 1349 sunt
2292 1298 2365 1349 ut
2423 1287 2655 1352 mediae
2772 1359 2774 1362 ,

132 1387 635 1470 proportionales
696 1390 860 1452 inter
916 1389 1252 1452 distantias
1313 1389 1376 1451 &
1433 1387 1635 1452 latera
1695 1402 1882 1453 recta.
2001 1388 2445 1471 Componatur
2516 1389 2656 1454 haec
2709 1399 2755 1434 -'

133 1489 294 1553 ratio
347 1490 597 1553 inverse
649 1512 793 1553 cum
834 1488 1277 1573 subduplicata
1321 1491 1567 1554 ratione
1611 1489 1881 1554 laterum
1928 1503 2245 1554 rectorum
2291 1490 2547 1567 directe,
2592 1491 2656 1556 &

133 1590 243 1653 fiet
272 1591 432 1654 ratio
462 1591 903 1676 subduplicata
934 1593 1376 1655 distantiarum
1424 1594 1691 1657 inverse.

253 1694 454 1756 Corol.
508 1712 559 1774 5.
614 1695 688 1756 In
742 1695 969 1757 eadem
1015 1694 1234 1779 figura,
1277 1693 1381 1757 vel
1428 1695 1620 1758 etiam
1676 1695 1739 1757 in
1786 1693 2006 1778 figuris
2050 1692 2337 1767 diversiS,
2386 1715 2655 1776 quarum

132 1792 330 1857 latera
366 1809 538 1858 recta
582 1795 953 1879 principalia
998 1810 1147 1858 sunt
1191 1795 1477 1879 aequalia‚
1510 1794 1816 1860 velocitas
1862 1794 2145 1877 corporis
2190 1807 2290 1857 est
2335 1795 2655 1878 reciproce

129 1908 202 1958 ut
230 1896 752 1979 perpendiculum
784 1898 1132 1960 demissum
1164 1899 1246 1960 ab
1277 1897 1576 1962 umbilico
1606 1898 1690 1961 ad
1722 1910 2110 1982 tangentem.

251 1998 454 2060 Corol.
481 2003 536 2061 6.
578 1999 653 2060 In
686 1998 989 2081 parabola
1019 1997 1324 2062 velocitas
1356 2012 1455 2062 est
1486 2000 1805 2082 reciproce
1838 2000 1900 2061 in
1933 1996 2378 2082 subduplicata
2408 1999 2653 2063 ratione

128 2097 447 2161 distantiae
507 2100 787 2182 corporis
846 2101 929 2163 ab
989 2099 1287 2163 umbilico
1348 2100 1609 2185 figurae3
1688 2100 1750 2163 in
1822 2099 2027 2184 ellipsi
2088 2101 2293 2186 magis
2353 2102 2650 2177 variatur,

129 2198 191 2260 in
224 2198 575 2281 hyperbola
605 2202 814 2264 minus
861 2224 1054 2284 quam
1102 2202 1164 2264 in
1212 2201 1331 2264 hac
1377 2203 1637 2267 ratione.
1765 2203 1940 2265 Nam
1987 2202 2129 2287 (per
2170 2202 2360 2267 corol.
2400 2225 2454 2267 2.
2503 2202 2662 2269 lem.-

127 2299 282 2384 xw.)
318 2300 840 2384 perpendiculum
872 2303 1222 2365 demissum
1257 2303 1340 2366 ab
1363 2302 1664 2367 umbilico
1694 2304 1776 2367 ad
1802 2317 2174 2390 tangentem
2206 2303 2529 2387 parabolae
2552 2319 2652 2369 est

127 2401 190 2463 in
222 2402 662 2486 subduplicata
693 2404 936 2467 ratione
967 2404 1305 2468 distantiae.
1406 2405 1481 2467 In
1514 2404 1866 2488 hyperbola
1889 2406 2415 2490 perpendiculum
2439 2407 2649 2471 minus

124 2503 418 2579 variatur,
446 2505 508 2567 in
534 2504 736 2588 ellipsi
769 2506 988 2590 magiS.

240 2605 443 2669 Corol.
501 2623 549 2686 7.
605 2607 679 2668 In
712 2606 1023 2689 parabola
1068 2606 1374 2671 velocitas
1420 2609 1703 2691 corporis
1749 2610 1832 2673 ad
1878 2611 2176 2694 quamvis
2220 2611 2303 2674 ab
2348 2610 2649 2677 umbilico

125 2705 491 2768 distantiam
551 2719 651 2769 est
707 2708 791 2770 ad
851 2708 1257 2773 velocitatem
1320 2711 1603 2793 corporis
1663 2710 2055 2775 revolventis
2116 2712 2180 2775 in
2256 2711 2489 2777 circulo
2562 2713 2646 2776 ad

127 2806 399 2869 eandem
442 2829 483 2868 a
527 2821 745 2872 centro
789 2810 1158 2874 distantiam
1205 2812 1269 2874 in
1316 2812 1762 2896 subduplicata
1807 2814 2054 2877 ratione
2114 2814 2358 2877 numeri
2420 2815 2645 2878 binarii

124 2906 209 2967 ad
253 2907 600 2983 unitatem;
647 2909 710 2970 in
764 2908 967 2992 ellipsi
1020 2912 1229 2975 minor
1272 2927 1386 2988 est,
1422 2914 1485 2976 in
1533 2913 1885 2997 hyperbola
1929 2916 2133 3000 major
2176 2937 2370 2998 quam
2418 2916 2480 2979 in
2527 2916 2647 2980 hac
2756 2912 2757 2915 ¹

126 3007 384 3070 ratione.
504 3008 677 3071 Nam
722 3032 838 3092 per
881 3011 1069 3096 hujus
1115 3013 1513 3077 corollarium
1558 3017 1912 3079 secundum
1956 3016 2264 3081 velocitas
2310 3018 2374 3080 in
2405 3019 2645 3083 vertice

125 3107 444 3190 parabolae
503 3122 603 3171 est
676 3111 738 3172 in
813 3112 932 3175 hac
1006 3115 1268 3190 ratione,
1332 3115 1395 3178 82
1469 3138 1586 3199 per
1658 3116 1988 3182 corollaria
2060 3133 2245 3184 sexta
2318 3119 2506 3205 hujus
2581 3119 2644 3184 81

124 3209 572 3290 propositionis
604 3224 846 3292 quartae
876 3228 1168 3277 servatur
1210 3216 1438 3279 eadem
1483 3220 1812 3301 proportio
1858 3221 1921 3283 in
1967 3221 2264 3284 omnibus
2309 3221 2640 3287 distantiis,
2751 3212 2759 3243 ⁵

129 3307 306 3370 Hinc
363 3309 555 3371 etiam
616 3311 677 3372 in
739 3313 1042 3393 parabola
1116 3316 1421 3381 velocitas
1495 3320 1735 3403 ubique
1809 3321 2075 3405 aequalis
2148 3336 2248 3386 est
2320 3321 2641 3387 velocitati
2748 3359 2750 3362 v

122 3409 403 3491 corporis
463 3409 850 3475 revolventis
912 3415 974 3477 in
1035 3417 1266 3481 circulo
1325 3419 1408 3482 ad
1469 3420 1800 3485 dimidiam
1853 3424 2240 3499 distantiam,
2296 3424 2360 3487 in
2435 3422 2652 3508 ellipsiv

122 3508 330 3572 minor
357 3522 471 3583 est,
505 3510 568 3572 in
600 3511 949 3594 hyperbola
979 3518 1194 3601 major.

241 3611 443 3675 Corol.
496 3615 551 3675 8.
602 3612 927 3678 Velocitas
998 3620 1287 3702 gyrantis
1362 3622 1425 3684 in
1485 3625 1768 3688 sectione
1828 3626 2056 3710 quavis
2116 3628 2337 3691 conica
2395 3641 2497 3692 est
2552 3626 2653 3692 ad-

118 3708 522 3774 velocitatem
566 3716 853 3797 gyrantis
899 3717 962 3779 in
1009 3718 1240 3783 circulo
1286 3721 1349 3783 in
1395 3723 1699 3788 distantia
1742 3727 1988 3791 dimidii
2031 3726 2249 3792 lateris
2279 3729 2433 3793 recti
2462 3729 2654 3813 prin·'
2743 3723 2745 3730 ¹

118 3811 346 3911 cipalis
395 3807 711 3890 sectioniS,
757 3829 830 3879 ut
873 3817 1177 3883 distantia
1221 3820 1326 3885 illa
1386 3825 1470 3887 ad
1515 3827 2041 3910 perpendiculum
2085 3830 2170 3893 ab
2220 3829 2522 3895 umbilico
2566 3830 2630 3894 in
2739 3907 2742 3911 .

117 3926 487 3998 tangentem
519 3916 819 3980 sectionis
851 3918 1215 3984 demissum.
1314 3922 1500 3987 Patet
1530 3949 1646 4008 per
1675 3928 2072 3993 corollarium
2097 3931 2407 4014 quintum.
