2852 4250
9 1010 51 1158 Ξ

24 4103 78 4184 ’Ἢς
57 3996 63 4018 .„

1054 167 1291 216 LIBER
1325 167 1466 217 SEC
1474 169 1633 218 UND
1645 171 1742 220 US.
2485 199 2519 255 3
2525 199 2564 254 4
2571 199 2603 256 3

175 325 352 395 fluidi
409 325 490 385 ad
547 325 920 386 densitatem
975 324 1186 407 globi;
1246 327 1513 408 ideoque
1569 349 1683 406 per
1738 329 1897 389 hanc
1953 333 2452 412 propositionem,
2512 341 2609 400 vis

80 431 83 433 ’
179 421 472 515 ponderis
515 417 772 502 aequalis
816 422 932 482 erit
972 422 1037 483 vi
1081 423 1464 498 resistentiae,
1505 423 1566 484 &
1607 437 1937 504 propterea
1976 426 2231 518 globum
2274 432 2611 496 accelerare

184 540 307 580 non
381 530 559 579 otest.

299 540 496 676 Cirol.
555 634 608 692 3.
703 616 873 675 Data
923 615 984 675 8c
1029 616 1337 676 densitate
1386 615 1555 696 globi
1608 616 1669 676 ἃ
1718 615 2044 679 velocitate
2093 622 2226 701 ejus
2277 624 2392 683 sub
2443 625 2614 686 initio

186 724 404 783 motuS,
465 723 535 778 ut
593 711 653 771 &
703 711 1013 772 densitate
1070 712 1242 771 fluidi
1301 713 1636 791 compressi
1683 715 2053 792 quiescentis
2105 718 2165 776 in
2218 740 2341 797 qua
2395 718 2617 800 globus

184 820 507 880 movetur;
554 808 739 867 datur
780 807 861 887 ad
906 829 1092 868 omne
1136 821 1382 888 tempus
1415 810 1474 869 &
1497 808 1791 870 velocitas
1820 810 1990 892 globi
2022 812 2081 872 &
2110 815 2242 894 ejus
2273 816 2617 877 resistentia

184 906 246 967 &
273 905 542 984 spatium
572 905 652 964 ab
682 925 758 965 eo
788 905 1182 984 descriptum,
1216 927 1328 984 per
1357 904 1535 967 corol.
1577 922 1608 982 7
1640 928 1811 985 prop.
1846 927 2038 969 XXXV.

302 1003 496 1063 Corol.
532 1021 588 1078 4.
668 999 910 1062 Globus
943 1002 1004 1061 in
1049 1002 1241 1063 fluido
1286 1023 1642 1082 compresso
1687 1005 2042 1083 quiescente
2086 1007 2363 1086 ejusdem
2407 1029 2616 1068 secum

184 1100 507 1161 densitatis
552 1098 867 1160 movendo
919 1098 1240 1158 dimidiam
1286 1112 1491 1160 motus
1535 1101 1628 1160 sui
1673 1114 1911 1180 partem
1956 1102 2123 1180 prius
2153 1104 2394 1164 amittet
2432 1125 2618 1183 quam

184 1196 633 1279 longitudinem
707 1196 970 1256 duarum
1044 1196 1237 1276 ipsius
1295 1196 1736 1258 diametrorum
1808 1198 2213 1277 descripserit,
2274 1221 2385 1279 per
2454 1201 2618 1261 idem

186 1292 370 1356 corol.
426 1310 474 1371 7.

317 1605 967 1669 'PROPOSITIO
1017 1606 1402 1667 XXXIX.
1527 1607 2132 1668 THEOREMA
2184 1608 2480 1670 XXXI.

190 1784 388 1862 Globi,
432 1793 558 1865 per
588 1785 877 1865 fluidum
948 1786 1018 1846 in
1091 1785 1303 1846 canali
1359 1786 1688 1865 cylindrico
1751 1788 2028 1847 clausum
2101 1790 2182 1853 ἐπ’
2237 1796 2628 1868 compressum

270 1897 673 1977 uniformiter
711 1897 1181 1979 progredientis,
1243 1898 1584 1957 resistentia
1640 1906 1726 1958 est
1778 1899 1868 1958 ad
1917 1900 2056 1970 vim,
2109 1921 2231 1979 qna
2287 1907 2447 1959 totns
2501 1901 2630 1979 ejus

195 2023 197 2025 ’
270 2017 480 2082 motuS,
540 2010 773 2070 interea
845 2009 995 2069 dum
1069 2017 1192 2070 octo
1268 2011 1480 2070 tertias
1534 2018 1753 2090 partes
1821 2010 2114 2070 diametri
2162 2031 2288 2070 sna·
2339 2009 2627 2080 describit,

269 2123 368 2182 vel
425 2122 725 2202 generari
791 2121 991 2200 possit
1058 2123 1156 2182 vel
1236 2123 1389 2196 tolli,
1464 2123 1533 2182 in
1604 2122 1843 2182 ratione
1908 2144 2044 2201 quoe
2109 2122 2493 2200 componitur
2557 2142 2631 2181 ex

270 2214 510 2294 ratione
595 2234 827 2315 orfficz‘i
928 2234 1163 2294 canalis
1253 2234 1343 2294 ad
1450 2256 1739 2295 excessum
1835 2234 2022 2314 lcnjzcs
2128 2232 2356 2312 orificii
2437 2239 2631 2311 snpra

266 2346 597 2407 dimidium
666 2347 891 2408 circuli
971 2347 1238 2407 maximi
1308 2348 1489 2427 globi,
1559 2350 1639 2412 ὢ*
1700 2347 1937 2406 ratione
2018 2345 2331 2423 duplicata
2401 2343 2635 2423 orificii

268 2457 506 2518 canalis
573 2458 664 2518 ad
738 2481 1027 2520 excessum
1098 2459 1288 2539 liujus
1357 2460 1588 2539 orificii
1661 2467 1854 2538 snpra
1923 2454 2223 2517 ¹circulum
2293 2456 2631 2516 maximnm

264 2568 453 2648 globi,
528 2570 609 2634 <⁰9³
679 2571 919 2631 ratione
986 2570 1304 2632 densitatis
1350 2571 1561 2651 fluidi
1624 2571 1714 2630 ad
1774 2569 2124 2630 densitatem
2183 2568 2357 2647 globi
2421 2587 2629 2647 quam-

260 2680 558 2758 proxime.

307 2857 488 2919 Patet
544 2880 657 2938 per
713 2859 895 2921 corol.
963 2882 993 2920 2
1071 2883 1245 2941 prop.
1310 2881 1577 2921 xxxvn:
1647 2860 1928 2939 procedit
1984 2880 2135 2920 vero
2192 2855 2635 2919 demonstratio

111 3016 114 3020 ,
190 2956 719 3036 quemadmodum
750 2958 811 3018 in
842 2960 1267 3039 propositione
1298 2958 1705 3038 praecedente.
1768 2962 1783 2977 ⁴

1254 3176 1582 3237 Scholinm.

309 3341 383 3400 In
455 3343 980 3422 propositionibus
1052 3345 1296 3404 duabus
1369 3343 1722 3405 novissimis
1788 3343 2067 3423 (perinde
2125 3354 2194 3402 ut
2251 3342 2312 3401 in
2371 3339 2507 3400 lem.
2569 3339 2631 3419 v)

192 3456 479 3517 suppono
509 3440 678 3519 quod
718 3462 884 3521 aqua
912 3442 1114 3503 omnis
1146 3440 1507 3523 congelatur
1537 3463 1677 3521 quae
1720 3439 1976 3521 globum
2020 3438 2328 3519 praecedit,
2362 3438 2422 3498 &
2465 3438 2634 3517 cujus

194 3531 462 3595 fluiditas
521 3549 710 3618 auget
767 3539 1179 3599 resistentiam
1237 3538 1422 3620 globi.
1542 3539 1613 3599 Si
1671 3560 1834 3618 aqua
1894 3537 1995 3599 illa
2051 3537 2252 3598 omnis
2323 3534 2633 3614 liquescat,

194 3633 522 3712 augebitur
574 3636 923 3696 resistentia
979 3636 1444 3717 aliquantulum.
1565 3637 1696 3698 Sed
1755 3647 2157 3715 augmentum
2218 3630 2365 3692 illud
2423 3631 2483 3689 in
2541 3630 2636 3690 his

193 3730 718 3808 propositionibus
749 3755 1011 3812 parvum
1041 3734 1158 3794 erit
1187 3734 1248 3795 &
1279 3733 1509 3815 negligi
1549 3746 1771 3813 potest,
1804 3744 2132 3812 propterea
2162 3728 2328 3808 quod
2359 3748 2636 3789 convexa

193 3826 549 3904 superficies
578 3829 747 3910 globi
779 3843 978 3893 totum
1008 3831 1137 3893 fere
1168 3832 1436 3893 officium
1465 3830 1684 3912 glaciei
1714 3830 1911 3890 faciat.
