2852 4250
206 150 228 191 1
241 134 323 209 48
1024 135 1142 184 DE
1173 135 1412 188 MOTU
1442 135 1748 188 CORPOR
1760 135 1885 186 ΠΜ

195 298 528 363 intervallo
584 299 643 363 C
658 301 728 362 A
787 299 1180 364 describatur
1235 300 1465 385 globus
1525 300 1802 363 exterior
1856 299 2018 361 DA
2041 299 2118 373 F,
2181 298 2245 362 81
2303 299 2470 363 intra
2526 300 2695 365 hunc

75 460 77 463 Α
191 399 453 485 globum
484 423 524 463 a
553 414 706 475 rota,
733 402 910 485 cujus
941 401 1250 465 diameter
1277 403 1362 465 sit
1389 402 1546 478 AO,
1570 400 2010 462 describantur
2038 399 2185 462 duae
2214 399 2695 483 semicycloides

194 501 264 562 A
274 500 348 577 Q,
380 501 527 575 AS,
562 522 706 582 quae
734 500 996 584 globum
1028 502 1388 564 interiorem
1419 512 1687 583 tangant
1717 499 1781 561 in
1815 499 1874 575 Q
1908 497 1970 560 &
2001 498 2060 560 S
2085 497 2148 560 &
2175 497 2371 582 globo
2401 501 2697 565 exteriori

191 612 522 662 occurrant
572 600 635 661 in
682 601 774 662 A.
869 600 934 661 A
980 613 1217 681 puncto
1269 599 1375 663 illo
1425 601 1517 674 A,
1552 599 1658 662 filo
1708 599 1779 660 A
1808 600 1875 660 P
1908 599 1975 660 T
2013 596 2478 682 longitudinem
2529 601 2695 664 AR

191 714 501 782 aequante,
563 701 841 782 pendeat
884 722 1111 781 corpus
1180 701 1252 774 T,
1301 699 1363 762 &
1410 700 1498 761 ita
1558 700 1723 761 intra
1780 696 2260 780 semicycloides
2316 700 2388 761 A
2421 700 2498 776 Q,
2543 701 2614 762 A
2640 701 2699 763 S

190 799 520 874 oscilletur‚
553 813 624 862 ut
667 800 917 882 quoties
960 798 1310 881 pendulum
1355 799 1710 882 digreditur
1737 821 1776 861 a
1802 792 2261 882 'perpendiculo
2302 801 2374 862 A
2397 802 2482 876 R,
2516 799 2692 864 filum

188 913 369 981 parte
413 900 508 961 sui
557 900 879 981 superiore
929 901 1000 961 A
1024 901 1090 961 P
1132 898 1484 982 applicetur
1533 899 1616 961 ad
1661 899 2174 982 semicycloidem
2234 899 2406 964 illam
2448 903 2519 965 A
2548 903 2614 965 P
2638 903 2698 965 S

187 1021 408 1062 versus
439 1022 630 1081 quam
661 996 987 1083 peragitur
1014 1012 1240 1072 motu5,
1276 999 1337 1061 &
1368 999 1601 1061 circum
1633 1021 1776 1062 eam
1807 1022 1922 1063 ceu
1954 1000 2351 1064 obstaculum
2381 1003 2685 1079 flectatur,

187 1112 498 1181 parteque
542 1099 784 1182 reliqua
812 1101 877 1161 P
909 1100 981 1174 Τ,
1028 1100 1127 1162 cui
1159 1097 1553 1181 semicyclois
1599 1100 1885 1162 nondum
1930 1101 2237 1185 objicitur,
2271 1103 2688 1185 protendatur

184 1200 246 1261 in
278 1198 510 1262 lineam
556 1214 828 1275 rectam3
876 1200 937 1263 &
981 1200 1233 1283 pondus
1291 1200 1357 1262 T
1390 1199 1778 1264 oscillabitur
1821 1202 1885 1264 in
1931 1201 2216 1286 cycloide
2259 1202 2412 1266 data
2443 1203 2679 1282 QRS.

188 1299 261 1376 Q.
286 1300 368 1362 E.
397 1300 473 1363 F.

282 3265 589 3329 Occurrat
634 3269 802 3330 enim
848 3269 1021 3332 filum
1067 3273 1132 3334 P
1163 3274 1227 3335 Τ
1261 3288 1395 3336 tum
1443 3276 1708 3358 cycloidi
1759 3279 1989 3355 QRS
2027 3280 2092 3343 in
2148 3283 2219 3356 T,
2254 3270 2389 3346 tum
2436 3283 2668 3350 circulo

167 3365 225 3442 Q
254 3367 312 3428 0
343 3368 401 3428 S
427 3367 489 3428 in
538 3368 607 3441 V,
641 3384 993 3453 agaturque
1031 3375 1088 3435 C
1117 3375 1182 3434 V
1193 3402 1218 3449 ‚·
1265 3375 1326 3437 &
1356 3377 1438 3438 ad
1471 3376 1555 3438 fili
1588 3391 1835 3459 partem
1867 3395 2104 3444 rectam
2148 3385 2215 3445 P
2245 3385 2313 3459 T,
2348 3408 2384 3448 e
2414 3388 2667 3468 punctis

162 3468 462 3529 extremis
521 3470 587 3530 P
644 3492 718 3531 ac
790 3472 857 3545 T,
913 3474 1238 3556 erigantur
1295 3478 1748 3559 perpendicula
1798 3482 1866 3542 B
1886 3483 1965 3556 P,
2034 3484 2100 3544 T
2124 3485 2219 3561 W,
2275 3488 2668 3550 occurrentia

160 3579 351 3628 rectae
405 3568 463 3629 C
497 3568 561 3628 V
605 3569 667 3630 in
719 3571 786 3630 B
839 3570 901 3632 &
967 3574 1059 3635 W.
1200 3576 1398 3649 Patet,
1450 3600 1532 3639 ex
1580 3584 2050 3647 constructione
2104 3583 2166 3646 &
2215 3588 2440 3670 genesi
2492 3589 2663 3650 simi-

157 3664 311 3728 lium
343 3667 685 3751 figurarum
729 3671 799 3731 A
831 3672 898 3745 S,
934 3673 1090 3749 SR,
1123 3676 1574 3757 perpendicula
1619 3678 1723 3742 illa
1766 3683 1932 3758 PB,
1979 3686 2045 3746 T
2070 3686 2160 3747 W
2179 3687 2553 3751 abscindere
2582 3689 2667 3751 de

163 3767 222 3829 C
251 3768 320 3829 ⁴V
339 3766 768 3852 longitudines
831 3771 990 3849 VB,
1056 3774 1121 3835 V
1148 3776 1239 3837 W
1272 3789 1550 3840 rotarum
1582 3780 1907 3845 diametris
1957 3786 2130 3859 OA,
2169 3788 2318 3850 OR
2362 3788 2660 3871 aequales·

161 3867 285 3930 Est
315 3868 507 3952 igitur
548 3870 613 3931 T
618 3871 684 3931 P
713 3871 794 3932 ad
842 3872 907 3934 V
917 3874 982 3934 P
1017 3872 1305 3957 (duplum
1335 3878 1544 3940 sinum
1577 3880 1792 3964 anguli
1840 3885 2066 3947 VBP
2095 3888 2409 3952 existente
2438 3889 2473 3956 v}
2501 3891 2570 3951 B
2607 3890 2674 3951 V

157 3967 361 4054 radio)
389 3982 460 4031 ut
486 3971 554 4032 B
589 3972 781 4034 Wad
810 3973 877 4034 B
911 3974 984 4051 V,
1018 3997 1130 4037 seu
1161 3978 1231 4044 A
1262 3978 1388 4047 0-1-
1412 3980 1559 4042 OR
1590 3982 1672 4043 ad
1704 3984 1774 4053 A
1803 3985 1875 4059 Ο,
1911 3986 1974 4048 id
2006 4000 2105 4050 est
2139 3991 2313 4081 (curn,
2339 3990 2468 4062 sint
2513 3991 2657 4064 CA
