2846 4250
173 125 254 201 48
265 145 294 184 2
945 119 1061 169 DE
1094 117 1173 167 M
1175 115 1383 168 UNDI
1407 112 1453 166 S
1463 114 1766 197 YSTEMA
1775 115 1873 166 TE

172 306 271 355 est
315 290 487 373 quod
526 275 792 352 cometae
837 307 1060 350 omnes
1111 285 1173 346 in
1222 281 1542 366 periheliis
1594 279 1698 344 vel
1740 280 1902 344 infra
1948 294 2278 346 saturnum
2325 282 2674 350 collocandi

171 394 298 455 sint
354 389 454 454 vel
515 412 642 453 non
694 388 886 472 longe
938 408 1143 468 supra.
1273 383 1511 444 Errant
1563 381 1755 465 igitur
1806 395 1943 446 toto
1995 383 2173 460 coelo,
2229 386 2339 469 qui
2391 378 2674 452 cometas

173 495 235 555 in
282 493 607 575 regionem
654 490 921 551 fixarum
966 507 1167 569 prope
1213 482 1558 566 ablegant:
1606 504 1735 564 qua
1778 498 1950 548 certe
1994 486 2240 550 ratione
2293 508 2422 550 non
2468 489 2676 573 magis

173 593 467 656 illustrari
499 581 807 653 deberent
837 611 874 649 a
905 585 1039 649 sole
1071 598 1304 658 nostr0,
1339 605 1532 666 quam
1564 582 1855 665 planetae,
1890 586 1998 668 qui
2030 586 2131 650 hic
2162 600 2326 663 sunt,
2362 587 2673 667 illustran-

173 709 276 757 tur
305 717 342 755 a
373 691 568 755 stellis
600 691 755 753 fixis.

264 794 430 855 Haec
481 789 947 872 disputavimus
1000 808 1126 848 non
1189 785 1655 849 considerando
1715 781 2226 852 obscurationem
2284 802 2676 853 cometarum

172 916 287 976 per
329 893 572 954 sumum
620 889 792 951 illum
855 888 1131 949 maxime
1178 887 1506 968 copiosum
1563 887 1623 949 ἃ
1670 910 1968 963 crassum,
2017 912 2146 971 quo
2199 903 2390 972 caput
2435 890 2674 952 circun-

171 995 374 1068 datur,
409 991 587 1073 quasi
619 1012 734 1071 per
764 990 998 1050 nubem
1040 988 1268 1050 obtuse
1313 1010 1568 1069 semper
1611 987 1844 1051 lucenS.
1945 990 2118 1051 Nam
2164 1003 2405 1072 quanto
2451 990 2676 1053 obscu-

172 1095 298 1156 rius
331 1092 615 1154 redditur
644 1112 871 1172 corpus
904 1112 1019 1171 per
1049 1089 1217 1151 hunc
1260 1088 1523 1162 fumum,
1558 1103 1737 1152 tanto
1761 1091 2021 1173 propius
2054 1092 2135 1153 ad
2183 1091 2383 1154 solem
2416 1091 2680 1154 accedat

172 1217 431 1257 necesse
483 1206 595 1266 est,
647 1205 718 1254 ut
765 1192 948 1273 copia
996 1189 1151 1252 lucis
1200 1212 1238 1251 a
1283 1212 1353 1252 se
1400 1190 1654 1252 reflexae
1703 1190 1993 1272 planetas
2044 1191 2390 1255 aemuletur.
2516 1192 2678 1254 Inde

170 1294 509 1358 verisimile
563 1294 633 1356 fit
680 1306 960 1356 cometas
1013 1291 1203 1375 longe
1258 1290 1419 1352 infra
1470 1291 1788 1372 sphaeram
1842 1293 2083 1354 saturni
2136 1293 2543 1368 descendere,
2586 1293 2678 1355 uti

171 1420 252 1460 ex
282 1395 583 1478 parallaxi
626 1395 1052 1477 probavimus,
1153 1392 1335 1454 Idem
1381 1415 1537 1455 vero
1573 1415 1767 1475 quam
1816 1393 2094 1455 maxime
2142 1393 2551 1456 confirmatur
2597 1415 2679 1456 ex
2735 1447 2766 1471 ,,

170 1498 403 1560 caudis,
505 1496 632 1558 Hae
678 1494 781 1558 vel
835 1518 915 1557 ex
963 1493 1306 1556 reflexione
1358 1492 1514 1553 fumi
1564 1493 1766 1574 sparsi
1811 1516 1925 1575 per
1969 1493 2210 1556 aethera
2254 1492 2358 1556 vel
2412 1516 2494 1556 ex
2538 1491 2679 1556 luce

173 1601 394 1682 capitis
426 1600 725 1662 oriuntur.
826 1598 1040 1659 Priore
1086 1618 1235 1657 casu
1283 1595 1629 1657 minuenda
1665 1608 1763 1658 est
1808 1595 2111 1657 distantia
2155 1608 2563 1670 cometarum,
2597 1617 2680 1658 ne

171 1701 382 1761 fumus
414 1722 452 1777 a
483 1699 689 1780 capite
721 1720 975 1779 semper
1019 1710 1193 1759 ortus
1241 1718 1356 1777 per
1401 1697 1606 1777 spatia
1649 1697 1834 1758 nimis
1881 1695 2094 1778 ampla
2139 1695 2488 1759 incredibili
2535 1719 2679 1759 cum

171 1800 508 1862 velocitate
563 1799 624 1860 δε
677 1799 1068 1879 expansione
1127 1810 1532 1880 propagetur.
1663 1798 1738 1858 In
1791 1799 2143 1879 posteriore
2197 1798 2531 1862 referenda
2583 1812 2682 1861 est

172 1900 281 1963 lux
312 1903 517 1964 omnis
549 1915 679 1963 tam
727 1900 946 1962 caudae
993 1921 1186 1980 quam
1233 1897 1511 1980 capillitii
1562 1899 1644 1959 ad
1699 1898 1992 1961 nucleum
2043 1901 2281 1982 capitis,
2381 1901 2585 1984 Igitur
2628 1900 2681 1962 si

171 2003 597 2083 concipiamus
642 2000 849 2062 lucem
899 2000 1061 2060 hanc
1110 2021 1366 2061 omnem
1421 2001 1796 2083 congregari
1853 2000 1914 2062 Sc
1969 2002 2133 2064 intra
2184 2003 2430 2064 discum
2476 1999 2680 2063 nuclei

172 2102 488 2175 coarctari,
524 2100 781 2162 nucleus
815 2098 916 2161 ille
952 2101 1085 2181 jam
1127 2113 1314 2174 certe,
1351 2099 1602 2180 quoties
1649 2100 1917 2162 caudam
1965 2102 2308 2163 maximam
2341 2102 2404 2164 ἃ
2438 2101 2682 2186 fulgen-

172 2203 480 2264 tissimam
541 2202 787 2274 emittit,
841 2202 1063 2284 jovem
1128 2201 1336 2283 ipsum
1412 2199 1753 2282 splendore
1813 2225 1931 2265 suo
1991 2202 2260 2266 multum
2336 2204 2676 2286 superabit.

175 2307 429 2368 Minore
482 2305 673 2388 igitur
725 2327 868 2366 cum
917 2304 1229 2365 diametro
1282 2317 1632 2385 apparente
1694 2303 1836 2386 plus
1898 2304 2054 2368 lucis
2108 2308 2426 2384 emittenS,
2479 2306 2681 2371 multo
2748 2305 2752 2308 ⁴

173 2407 375 2490 magis
409 2405 821 2468 illustrabitur
851 2428 888 2466 a
919 2404 1068 2478 sole,
1105 2404 1379 2486 ideoque
1420 2406 1539 2466 erit
1570 2404 1687 2467 soli
1721 2405 1920 2469 multo
1944 2409 2218 2490 propior.
2313 2409 2681 2489 Quinetiam

172 2509 378 2589 capita
407 2508 525 2568 sub
571 2505 703 2568 sole
735 2505 1187 2578 delitescentia,
1225 2505 1286 2567 ἃ
1336 2507 1571 2567 caudas
1618 2529 1762 2568 cum
1810 2509 2120 2571 maximas
2167 2523 2303 2572 tum
2349 2510 2678 2595 fulgentis·
2762 2522 2769 2528 '

172 2609 363 2670 simas
411 2608 607 2668 instar
651 2607 922 2668 trabium
973 2606 1313 2688 ignitarum
1367 2627 1827 2689 nonnunquam
1881 2610 2252 2684 emittentia,
2297 2611 2526 2674 eodem
2579 2635 2676 2674 ar-

173 2722 479 2794 gumento
525 2708 685 2769 infra
715 2709 936 2770 orbem
982 2708 1237 2769 veneris
1285 2706 1576 2770 collocari
1622 2710 1877 2773 debent.
1978 2712 2152 2774 Nam
2197 2711 2307 2774 lux
2339 2712 2444 2776 illa
2474 2715 2683 2776 omnis

176 2811 228 2872 si
261 2811 323 2871 in
355 2807 601 2871 stellam
634 2809 1006 2892 congregari
1039 2822 1453 2890 supponatur,
1490 2811 1694 2892 ipsam
1726 2834 2029 2876 venerem
2062 2835 2143 2876 ne
2174 2814 2382 2877 dicam
2413 2837 2683 2878 veneres

177 2910 387 2993 plures
419 2911 784 2992 conjunctas
817 2910 1203 2991 quandoque
1235 2924 1578 2991 superaret.

298 3012 480 3072 Idem
533 3012 808 3092 denique
861 3010 1174 3094 colligitur
1233 3035 1314 3074 ex
1373 3012 1514 3076 luce
1574 3014 1853 3096 capitum
1915 3030 2239 3080 crescente
2300 3018 2363 3079 in
2426 3040 2680 3080 recessu

179 3124 566 3173 cometarum
597 3134 635 3172 a
665 3125 830 3173 terra
875 3111 1074 3174 solem
1120 3135 1361 3187 versuS,
1396 3137 1470 3176 ac
1515 3114 1924 3179 decrescente
1970 3119 2032 3180 in
2081 3142 2300 3182 eorum
2347 3141 2599 3182 recessu
2646 3142 2686 3181 a

181 3211 315 3274 sole
360 3233 586 3273 versus
631 3225 880 3274 terram.
974 3213 1082 3274 Sic
1135 3214 1306 3275 enim
1348 3230 1600 3278 cometa
1652 3220 1968 3298 posterior
2019 3206 2168 3282 anni
2231 3226 2387 3301 1665
2443 3220 2680 3305 (obser-

182 3323 376 3373 vante
429 3310 710 3393 Hevelz'o)
761 3333 841 3372 ex
893 3334 1021 3393 quo
1070 3315 1347 3395 conspici
1397 3317 1593 3397 coepit
1652 3318 2016 3383 remittebat
2063 3343 2319 3404 semper
2369 3321 2452 3383 de
2505 3334 2682 3384 motu

185 3434 302 3474 suo
333 3424 696 3492 apparente,
741 3412 1013 3493 ideoque
1044 3417 1436 3494 praeterierat
1487 3419 1873 3503 perigaeum;
1921 3420 2226 3503 splendor
2260 3444 2416 3484 vero
2460 3422 2684 3503 capitis

181 3512 586 3574 nihilominus
647 3511 850 3573 indies
911 3515 1248 3589 crescebat,
1310 3540 1515 3599 usque
1575 3520 1728 3582 dum
1800 3537 2050 3585 cometa
2109 3524 2302 3585 radiis
2374 3521 2684 3586 solaribus

179 3614 468 3676 obtectus
529 3613 719 3674 desiit
770 3636 1091 3695 apparere.
1216 3619 1486 3681 Cometa
1546 3623 1696 3684 anni
1767 3626 1925 3702 1683
1986 3623 2395 3707 (observante
2455 3623 2684 3686 eodem

176 3712 457 3797 Hevelz'o)
504 3713 567 3774 in
620 3713 745 3775 fine
798 3715 1032 3776 mensis
1077 3716 1232 3799 julii,
1267 3719 1374 3780 ubi
1421 3721 1694 3801 primum
1742 3736 2120 3805 conspectus
2174 3737 2291 3801 est,
2324 3722 2683 3786 tardissime

182 3814 571 3888 movebatur,
605 3814 847 3875 minuta
887 3814 1092 3895 prima
1136 3836 1221 3893 40
1266 3816 1367 3880 vel
1415 3838 1494 3898 45
1545 3822 1791 3884 circiter
1835 3823 2102 3907 singulis
2147 3823 2373 3886 diebus
2421 3825 2482 3886 in
2531 3823 2685 3887 orbe
