2852 4250
191 128 319 187 404
499 59 504 62 '
979 107 1095 157 DE
1128 106 1207 157 M
1210 105 1415 158 UNDI
1441 105 1486 156 S
1497 104 1800 156 YSTEMA
1810 104 1907 154 TE
2305 119 2314 127 ·
2814 0 2852 273 1

185 276 469 362 gravitas
519 275 589 345 in¹
628 274 770 337 haec
818 295 1097 355 corpora,
1131 294 1277 335 cum
1323 271 1407 333 sit
1453 270 1537 332 ad
1583 270 1968 354 gravitatem
2016 271 2080 334 in
2130 284 2363 336 terram
2395 287 2596 341 totam
2625 276 2699 342 ut'
2843 278 2852 370 1

186 389 336 439 sunt
380 375 519 443 haec
549 395 815 456 corpora
843 374 926 435 ad
973 385 1205 436 terram
1237 383 1455 445 totam,
1487 368 1679 453 longe
1710 369 1917 432 minor
1945 383 2046 433 est
2075 393 2268 455 quam
2299 396 2445 457 quae
2476 380 2698 442 sentiri

198 477 416 561 possit.

310 578 519 640 Corol.
574 597 627 638 2.
681 572 1041 636 Gravitatio
1094 572 1157 632 in
1211 567 1495 654 singulas
1555 570 1836 652 corporis
1883 571 2225 653 particulas
2273 574 2554 658 aequales
2602 592 2704 643 est

190 676 509 758 reciproce
557 688 627 736 ut
674 673 1056 755 quadratum
1104 670 1423 733 distantiae
1472 667 1755 732 locorum
1803 693 1843 733 a
1893 673 2230 755 particulis.
2347 676 2533 741 Patet
2582 702 2729 765 per

191 776 378 841 corol.
420 797 453 856 3
488 796 665 857 prop.
702 792 913 834 Lxxw⁴
936 771 1037 835 lib.
1082 792 1129 833 1.

457 1003 1100 1068 PROPOSITIO
1171 1003 1398 1066 VIII.
1519 1004 2141 1069 THEOREMA
2212 1009 2439 1076 VIII.

190 1162 276 1223 Si
301 1162 635 1244 globorum
677 1160 952 1222 duorum
996 1158 1066 1220 in
1113 1181 1175 1221 se
1216 1166 1435 1220 mutuo
1467 1159 1949 1241 gravitantium
1996 1164 2265 1226 materia
2311 1166 2589 1249 undique
2632 1169 2704 1232 in

276 1276 643 1359 regionibuS,
705 1297 844 1357 quse
901 1297 942 1335 a
999 1274 1228 1336 centris
1284 1274 1619 1355 aeqzca-liter
1672 1275 1928 1350 distant,
1982 1278 2344 1359 homogenea
2394 1282 2481 1343 sit
2498 1309 2517 1344 :
2582 1284 2708 1345 erit

261 1391 518 1473 pondus
536 1390 714 1472 globi
738 1388 1118 1451 alterutrius
1147 1389 1217 1450 in
1246 1389 1521 1450 alterum
1545 1389 1846 1471 reciproce
1871 1400 1948 1453 ut
1972 1393 2362 1475 quadratum
2390 1395 2713 1459 distantia·

277 1507 452 1570 inter
477 1514 706 1569 centra.

313 1678 662 1759 Postquam
696 1674 1084 1737 invenissem
1129 1676 1513 1759 gravitatem
1561 1676 1623 1737 in
1670 1674 1992 1757 planetam
2026 1691 2230 1741 totum
2263 1680 2409 1743 oriri
2442 1681 2504 1743 &
2535 1705 2706 1746 com-

192 1779 345 1860 poni
377 1801 458 1840 ex
502 1777 924 1861 gravitatibus
975 1777 1037 1838 in
1084 1790 1332 1857 partes;
1383 1776 1444 1838 &
1490 1799 1633 1870 esse
1682 1777 1742 1838 in
1795 1792 2008 1858 partes
2057 1778 2340 1863 singulas
2390 1782 2710 1864 reciproce

193 1878 733 1962 proportionalem
795 1878 1121 1960 quadratis
1182 1878 1626 1939 distantiarum
1687 1901 1726 1940 a
1785 1879 2113 1961 partibus:
2188 1880 2559 1943 dubitabam
2627 1905 2710 1946 an

194 1982 516 2061 reciproca
582 1979 686 2041 illa
756 1980 1082 2061 proportio
1142 1978 1465 2060 duplicata
1513 1978 1831 2040 obtineret
1878 1992 2170 2042 accurate
2220 1981 2282 2041 in
2332 1982 2396 2043 vi
2446 1994 2582 2044 tota
2628 2006 2711 2046 ex

193 2082 435 2143 viribus
467 2080 751 2163 pluribus
784 2081 1152 2162 composita,
1187 2102 1268 2141 an
1301 2102 1456 2142 vero
1489 2102 1681 2161 quam
1715 2080 2020 2161 proxime.
2120 2081 2293 2143 Nam
2326 2083 2459 2145 fieri
2491 2098 2712 2166 posset

194 2193 265 2242 ut
334 2182 677 2262 proportio,
730 2203 875 2262 quae
937 2181 999 2242 in
1055 2180 1400 2260 majoribus
1454 2179 1770 2241 distantiis
1824 2181 1978 2243 satis
2031 2195 2322 2244 accurate
2374 2184 2707 2260 obtineret,

194 2304 394 2363 prope
440 2281 840 2362 superficiem
894 2280 1169 2362 planetae
1222 2280 1307 2342 ob
1361 2279 1708 2361 inaequales
1761 2280 2208 2362 particularum
2261 2283 2595 2347 distantias
2649 2286 2712 2348 81

196 2383 354 2443 situs
401 2380 756 2455 dissimiles,
792 2380 1156 2444 notabiliter
1185 2395 1440 2443 erraret.
1538 2381 1837 2443 Tandem
1868 2404 2039 2455 vem,
2076 2405 2191 2464 per
2227 2405 2404 2466 prop.
2443 2401 2620 2447 Lxxv
2651 2385 2715 2448 &

197 2502 398 2543 LXXVI
450 2480 591 2543 libri
643 2482 828 2563 primi
880 2482 942 2544 8:
991 2482 1272 2563 ipsarum
1322 2479 1662 2556 corollaria,
1713 2480 1992 2545 intellexi
2041 2484 2377 2547 veritatem
2425 2486 2712 2568 proposi-

196 2581 387 2643 tionis
420 2582 502 2644 de
534 2605 661 2663 qua
692 2582 793 2644 hic
824 2583 1050 2665 agitur.
2245 2570 2250 2574 ’

321 2683 520 2744 Corol.
589 2703 635 2745 1.
701 2682 875 2744 Hinc
930 2681 1198 2744 inveniri
1254 2681 1316 2743 &
1370 2682 1535 2744 inter
1585 2704 1655 2744 se
1709 2683 2061 2764 comparari
2115 2697 2387 2765 possunt
2429 2686 2717 2767 pondera

198 2804 532 2864 corporum
582 2784 644 2844 in
694 2784 983 2847 diversos
1031 2782 1338 2865 planetas,
1437 2783 1610 2845 Nam
1660 2784 1947 2865 pondera
1994 2807 2329 2867 corporum
2374 2788 2716 2870 aequalium

201 2884 433 2945 circum
476 2883 763 2966 planetas
812 2886 873 2947 in
921 2884 1165 2947 circulis
1213 2883 1680 2946 revolventium
1726 2898 1876 2947 sunt
1926 2884 2066 2969 (per
2108 2885 2296 2949 corol.
2351 2909 2382 2948 2
2433 2910 2609 2970 prop.
2651 2909 2718 2950 1v

201 2983 303 3047 lib.
349 2983 404 3067 1)
441 2998 510 3045 ut
547 2986 838 3048 diametri
889 2984 1263 3048 circulorum
1310 2985 1550 3048 directe
1600 2985 1662 3047 &
1708 2987 2020 3067 quadrata
2050 3000 2410 3069 temporum
2441 2990 2715 3071 periodi-

202 3106 419 3146 corum
453 3086 736 3161 inverse;
786 3087 848 3148 &
879 3088 1167 3168 pondera
1211 3086 1294 3148 ad
1339 3086 1705 3168 superficies
1737 3086 2151 3168 planetarum,
2185 3088 2424 3152 aliasve
2456 3092 2716 3172 quasvis

201 3206 240 3245 a
271 3197 488 3247 centro
519 3186 867 3261 distantiaS‚
902 3189 1142 3270 majora
1172 3201 1320 3249 sunt
1350 3186 1453 3250 vel
1501 3188 1748 3250 minora
1797 3188 1937 3272 (per
1980 3189 2143 3251 hanc
2184 3191 2714 3277 propositionem)

205 3285 267 3346 in
300 3284 622 3367 duplicata
652 3289 895 3350 ratione
936 3289 1379 3351 distantiarum
1427 3289 1694 3352 inversa.
1790 3290 1900 3352 Sic
1945 3312 2026 3352 ex
2071 3293 2464 3373 temporibus
2508 3294 2715 3374 perio-

205 3385 363 3447 dicis
422 3387 675 3449 veneris
736 3388 969 3450 circum
1030 3388 1232 3451 solem
1293 3390 1541 3452 dierum
1596 3411 1719 3468 224
1773 3390 1836 3452 &
1888 3390 2186 3453 horarum
2248 3391 2374 3467 162,
2429 3392 2718 3457 satellitis

206 3486 427 3548 extimi
459 3487 945 3570 circumjovialis
994 3489 1227 3550 circum
1268 3490 1491 3572 jovem
1542 3491 1789 3553 dierum
1848 3496 1922 3552 16
1956 3491 2018 3553 &
2066 3491 2364 3554 horarum
2422 3494 2582 3567 161915,
2616 3516 2715 3556 sa-

206 3584 422 3648 tellitis
483 3587 855 3671 Hugeniani
910 3589 1143 3650 circum
1192 3602 1523 3651 saturnum
1571 3591 1818 3652 dierum
1882 3608 1952 3670 15
2007 3590 2069 3652 8z
2116 3591 2414 3654 horarum
2466 3593 2598 3667 2235,
2655 3594 2718 3656 8ε

210 3685 379 3748 lunae
411 3686 645 3748 circum
687 3700 921 3748 terram
967 3687 1214 3749 dierum
1265 3707 1344 3768 27
1377 3690 1508 3752 hor.
1552 3707 1585 3769 7
1618 3691 1765 3753 min.
1802 3700 1904 3770 43,v
1937 3690 2180 3753 collatis
2226 3715 2371 3754 cum
2416 3694 2720 3757 distantia

209 3787 512 3850 mediocri
561 3788 814 3850 veneris
863 3810 902 3849 a
960 3786 1094 3850 sole
1128 3788 1190 3849 &
1235 3811 1379 3850 cum
1429 3788 1939 3873 elongationibus
1985 3792 2278 3871 maximis
2325 3791 2719 3856 heliocentri-

208 3888 298 3949 cis
358 3887 646 3952 satellitis
713 3888 933 3951 extimi
994 3887 1478 3973 circumjovialis
1538 3912 1578 3952 a
1636 3903 1855 3954 centro
1891 3891 2064 3976 jovis
2126 3892 2188 3954 8'
2242 3893 2379 3971 16'',
2427 3894 2715 3959 satellitis
2809 3830 2852 3978 {l

2806 3943 2852 4211 ³}

2800 4171 2852 4250 1
