2846 4250
143 117 269 192 484
928 110 1043 160 DE
1077 109 1365 161 MUNDJ
1390 109 1750 185 SYSTEMA
1758 109 1856 160 TE

265 281 462 344 Corol.
521 301 566 343 1.
617 278 976 361 Splendent
1006 277 1198 361 igitur
1227 287 1494 338 cometae
1525 273 1666 338 luce
1696 272 1848 337 solis
1878 295 1918 336 a
1946 294 2018 337 se
2049 273 2300 338 reflexa.

271 381 472 444 Corol.
526 400 578 442 2.
634 380 740 440 Ex
799 378 983 440 dictis
1029 376 1221 438 etiam
1268 373 1642 458 intelligitur
1684 397 1797 437 cur
1839 387 2108 438 cometae
2153 386 2489 456 tantopere
2537 373 2659 438 sre-

148 492 459 564 quentant
504 480 830 563 regionem
871 476 1038 540 solis,
1148 475 1220 537 Si
1270 487 1684 536 cernerentur
1736 475 1799 536 in
1846 475 2213 558 regionibus
2258 474 2452 559 longe
2491 473 2662 538 ultra

151 595 492 653 saturnum,
518 580 835 641 'deberent
865 577 1097 657 saepius
1129 597 1438 656 apparere
1465 575 1527 636 in
1553 576 1840 657 partibus
1865 574 1981 638 soli
2006 576 2333 657 oppositis,
2416 577 2661 639 Forent

151 683 320 744 enim
396 693 579 742 terrae
653 678 1004 750 vicinioreS‚
1067 676 1175 757 qui
1252 676 1314 737 in
1391 676 1488 737 his
1564 677 1850 758 partibus
1909 670 2350 752 versarentur;
2428 676 2491 739 &
2564 675 2661 740 sol

153 780 559 860 interpositus
635 779 1002 839 obscuraret
1076 788 1358 838 caeteros,
1513 776 1770 839 Verum‘
1850 778 2277 860 percurrendo
2365 778 2661 840 historias

154 892 542 942 cometarum
589 878 792 958 reperi
825 876 998 958 quod
1030 874 1393 957 quadruplo
1440 875 1543 939 vel
1591 878 1927 961 quintuplo
1973 877 2187 960 plures
2232 879 2467 941 detecti
2513 891 2662 942 sunt

156 982 216 1042 in
265 979 711 1060 hemisphaerio
750 976 950 1040 solem
982 1000 1205 1040 versus
1238 1000 1430 1059 quam
1477 980 1540 1040 in
1587 979 2037 1062 hemisphaerio
2082 980 2395 1062 oppositO,
2429 992 2663 1061 praeter

153 1079 310 1142 alios
363 1076 779 1160 proculdubio
832 1099 960 1139 non
1014 1099 1252 1159 paucos
1306 1100 1468 1160 quos
1521 1078 1631 1141 lux
1683 1080 1905 1143 solaris
1958 1081 2219 1143 obtexit.
2340 1080 2662 1141 Nimirum

154 1181 217 1242 in
250 1181 559 1242 descensu
592 1179 674 1240 ad
721 1179 1014 1262 regiones
1062 1192 1310 1240 nostras
1358 1201 1568 1261 neque
1613 1171 1849 1242 caudas
1895 1181 2211 1253 emittunt,
2245 1201 2455 1261 neque
2500 1180 2665 1243 adeo

153 1279 543 1342 illustrantur
589 1302 627 1340 a
675 1278 824 1353 sole,
879 1292 950 1341 ut
998 1279 1185 1341 nudis
1234 1277 1431 1341 oculis
1483 1301 1555 1341 se
1607 1280 1781 1361 prius
1842 1280 2241 1363 detegendos
2301 1280 2661 1355 exhibeant,

154 1402 345 1462 quam
406 1380 534 1440 sint
601 1379 740 1460 ipso
791 1380 947 1462 jove
1006 1380 1351 1461 propiores,
1476 1380 1682 1462 Spatii
1744 1395 1958 1443 autem
2019 1378 2267 1443 tantillo
2328 1379 2663 1443 intervallo
2755 1459 2760 1463 .

151 1483 315 1543 circa
344 1479 543 1543 solem
575 1481 873 1562 descripti
919 1503 1065 1562 pars
1116 1479 1307 1563 longe
1356 1481 1558 1564 major
1604 1482 1727 1543 sita
1774 1495 1873 1544 est
1920 1504 1959 1543 a
2005 1479 2203 1544 latere
2252 1494 2453 1555 terrae,
2487 1482 2662 1564 quod
2734 1474 2740 1481 ’

153 1581 353 1644 solem
407 1582 694 1663 respicit;
757 1583 949 1663 inque
1002 1594 1182 1663 parte
1236 1580 1340 1643 illa
1391 1583 1632 1665 majore
1677 1595 1963 1660 cometae,
2013 1581 2131 1646 soli
2190 1595 2262 1645 ut
2320 1581 2661 1665 plurimum

153 1683 502 1755 vicinioreS,
537 1682 740 1764 magis
771 1680 1107 1744 illuminari
1140 1682 1363 1745 solent.

275 1782 477 1843 Corol.
532 1802 583 1860 3.
641 1781 814 1843 Hinc
891 1783 1083 1845 etiam
1158 1784 1566 1847 manifestum
1641 1798 1755 1859 est,
1833 1785 2008 1867 quod
2084 1783 2228 1847 coeli
2303 1785 2663 1848 resistentia

154 1882 596 1944 destituuntur.
723 1883 897 1944 Nam
946 1898 1214 1947 cometae
1266 1886 1406 1947 vias
1459 1884 1750 1967 obliquas
1813 1886 1875 1948 &
1936 1908 2394 1969 nonnunquam
2455 1889 2662 1950 cursui

152 1981 549 2064 planetarum
610 1985 954 2046 contrarias
1029 1986 1226 2047 secuti
1303 1999 1645 2048 moventur
1717 1987 2118 2050 omnifariam
2192 1986 2526 2062 liberrime,
2601 1987 2663 2050 8c

153 2098 362 2146 motus
408 2107 572 2158 suOS,
608 2086 799 2147 etiam
846 2099 1066 2148 contra
1110 2108 1363 2147 cursum
1410 2086 1824 2168 planetarum,
1859 2088 2215 2150 diutissime
2255 2101 2655 2152 conservant.

156 2185 370 2248 Fallor
400 2187 462 2247 ni
493 2208 697 2269 genus
729 2186 1126 2268 planetarum
1157 2189 1286 2250 sint
1317 2188 1379 2250 &
1418 2202 1595 2251 motu
1643 2203 1955 2271 perpetuo
2002 2190 2064 2251 in
2107 2190 2329 2252 orbem
2375 2190 2656 2253 redeant.

155 2286 328 2348 Nam
388 2288 561 2369 quod
636 2289 975 2370 scriptores
1049 2289 1240 2372 aliqui
1319 2302 1605 2352 meteora
1678 2313 1821 2353 esse
1895 2289 2136 2365 volunt,
2213 2306 2661 2374 argumentum

152 2409 191 2448 a
271 2389 548 2470 capitum
623 2390 946 2471 perpetuis
1023 2391 1480 2453 mutationibus
1555 2392 1879 2464 ducenteS‚
1956 2391 2374 2454 fundamento
2449 2387 2664 2454 carere

151 2487 416 2552 videtur.
512 2490 740 2571 Capita
788 2503 1177 2552 cometarum
1226 2492 1672 2573 atmosphaeris
1737 2493 2102 2575 ingentibus
2163 2492 2536 2575 cinguntur;
2600 2491 2663 2554 &

150 2590 592 2671 atmosphaerae
624 2592 867 2654 inferne
898 2592 1225 2654 densiores
1268 2615 1411 2654 esse
1456 2593 1710 2655 debent.
1842 2593 2039 2656 Unde
2086 2594 2287 2655 nubes
2333 2606 2497 2667 sunt,
2531 2614 2659 2655 non

154 2688 290 2769 ipsa
343 2705 731 2753 cometarum
785 2715 1064 2773 corpora,
1116 2693 1178 2753 in
1232 2693 1465 2774 quibus
1526 2694 1912 2757 mutationes
1974 2688 2097 2757 illae
2148 2695 2456 2757 visuntur.
2552 2694 2662 2757 Sic

153 2800 321 2849 terra
381 2791 433 2851 si
495 2814 531 2852 e
595 2791 866 2873 planetis
927 2806 1324 2874 spectaretur
1382 2793 1523 2856 luce
1584 2795 1849 2859 nubium
1910 2817 2168 2856 suarum
2242 2794 2660 2876 proculdubio

154 2888 532 2969 splenderet,
583 2893 644 2954 &
690 2916 918 2975 corpus
965 2894 1215 2955 firmum
1262 2895 1382 2956 sub
1430 2896 1704 2957 nubibus
1750 2917 1952 2977 prope
2012 2894 2427 2958 delitesceret.
2551 2895 2660 2957 Sic

153 2989 404 3071 cingula
424 2992 594 3073 jovis
628 2993 688 3054 in
723 2995 994 3056 nubibus
1027 2995 1299 3076 planetae
1334 2995 1496 3057 illius
1527 2996 1800 3058 formata
1830 3010 1996 3073 sunt,
2025 3019 2170 3079 quae
2194 2997 2385 3058 situm
2411 3009 2660 3058 mutant

156 3088 318 3150 inter
368 3112 453 3163 se,
511 3092 571 3152 ἃ
617 3092 864 3154 firmum
910 3096 1081 3177 jovis
1135 3118 1362 3177 corpus
1409 3119 1524 3178 per
1570 3098 1771 3159 nubes
1819 3096 1957 3159 illas
2003 3097 2317 3159 difficilius
2364 3098 2653 3160 cernitur.

159 3186 249 3247 Et
279 3188 477 3273 multo
509 3192 709 3273 magis
742 3215 1005 3274 corpora
1029 3210 1419 3258 cometarum
1444 3198 1563 3259 sub
1588 3185 2031 3281 atmosphaeris
2058 3199 2119 3261 8ῑ
2141 3198 2657 3282 profundioribus

159 3287 221 3349 ἃ
251 3291 655 3353 crassioribus
688 3293 989 3355 abscondi
1022 3296 1274 3360 debent.
