2852 4250
1105 153 1344 203 LIBER
1376 153 1686 203 PRIMUS.
1965 227 1978 239 ·
2505 179 2528 220 1
2541 163 2623 237 89

1031 434 1480 498 SECTIO
1556 434 1778 497 XII.

593 589 698 651 De
733 554 1055 668 corporum
1095 585 1530 666 spbaericorum
1571 554 1810 647 viribus
1849 551 2212 650 attractiois.

424 846 1050 910 PROPOSITIO
1127 846 1370 935 LXX.
1463 845 2063 908 THEOREMA
2142 847 2397 909 XXX.

182 1000 266 1062 Si
315 998 406 1061 ad
456 999 763 1080 splzaericae
824 997 1167 1079 superficiei
1208 1005 1453 1077 puncta
1514 998 1767 1078 singula
1834 997 2090 1059 tendant
2154 998 2313 1060 vires
2377 999 2633 1080 aequales

263 1113 604 1192 centripetae
640 1112 1019 1173 decrescentes
1060 1110 1130 1170 in
1172 1110 1488 1190 duplicata
1535 1109 1775 1170 ratione
1805 1106 2257 1171 distantiarum
2285 1133 2326 1171 a
2339 1112 2595 1192 punctis
2613 1137 2632 1173 .·

262 1224 390 1285 dico
437 1222 605 1304 quod
651 1222 1072 1303 corpusculum
1128 1222 1307 1283 intra
1360 1222 1736 1303 superficiem
1791 1222 2188 1284 constitutum
2244 1223 2342 1285 his
2398 1224 2634 1285 viribus

264 1335 509 1396 nullam
537 1334 606 1395 in
619 1342 874 1414 partem
901 1334 1268 1397 attrahitur.

293 1517 392 1579 Sit
419 1517 565 1578 HI
573 1517 654 1578 K
663 1517 724 1577 L
757 1516 1113 1597 superficies
1146 1515 1249 1578 illa
1278 1516 1598 1597 sphaerica‚
1633 1516 1694 1578 &
1723 1518 1787 1578 P
1815 1517 2247 1599 corpusculum
2287 1518 2451 1579 intus
2489 1541 2631 1581 con-

180 1616 478 1677 stitutum.
575 1615 696 1676 Per
735 1616 801 1675 P
842 1628 1110 1698 agantur
1137 1615 1219 1675 ad
1251 1614 1411 1675 hanc
1440 1614 1830 1694 superficiem
1867 1615 2047 1677 lineae
2078 1616 2220 1677 duae
2265 1617 2448 1688 HK,
2490 1618 2629 1689 IL,

179 1735 358 1775 arcus
389 1734 578 1794 quam
608 1713 899 1775 minimos
928 1714 1015 1774 H
1023 1715 1080 1786 J,
1111 1714 1192 1774 K
1203 1714 1262 1774 L
1299 1713 1796 1793 intercipientes;
1858 1714 1933 1788 Sc,
1966 1716 2049 1777 ob
2080 1714 2388 1798 triangula
2416 1717 2502 1776 H
2502 1717 2629 1788 ΡΙ,

179 1812 326 1872 LP
341 1811 423 1872 K
483 1810 621 1893 (per
685 1809 869 1872 corol.
944 1831 978 1889 3
1046 1809 1186 1872 lem.
1257 1810 1371 1893 vn)
1445 1809 1689 1887 similia,

180 1930 358 1971 arcus
403 1908 486 1970 illi
539 1921 721 1970 erunt
763 1909 1073 1970 distantiis
1123 1909 1295 1980 ΗΡ,
1349 1909 1497 1969 LP
1546 1930 1686 1989 pro-

179 2005 598 2088 portionales;
659 2006 720 2067 &
771 2006 1116 2087 superficiei
1168 2006 1491 2086 sphaericae
1548 2028 1687 2087 par-

179 2104 384 2167 ticulae
435 2105 677 2185 quaevis
721 2104 803 2165 ad
846 2106 991 2165 HI
1028 2104 1089 2165 &
1131 2105 1212 2164 J<
1222 2104 1301 2177 L,
1349 2105 1532 2166 rectis
1576 2126 1691 2185 per

179 2217 480 2286 punctum
546 2205 611 2264 P
679 2203 1144 2265 transeuntibus
1215 2203 1494 2283 undique
1565 2215 1686 2264 ter-
1750 2204 1797 2296 ὲ

181 2303 448 2374 minatae,
509 2313 691 2363 erunt
754 2300 818 2362 in
885 2299 1198 2380 duplicata
1263 2299 1366 2361 illa
1430 2301 1683 2363 ratione.

184 2400 360 2482 Ergo
403 2399 568 2460 vires
611 2398 830 2459 harum
874 2395 1312 2478 particularum
1358 2398 1419 2458 in
1464 2387 1688 2478 corpus

180 2499 244 2559 P
293 2498 580 2559 exercitae
626 2508 772 2557 sunt
819 2496 979 2557 inter
1027 2516 1097 2556 se
1144 2494 1432 2576 aequales,
1525 2496 1690 2557 Sunt

180 2596 347 2658 enim
412 2608 482 2656 ut
545 2592 862 2675 particulae
934 2593 1182 2664 directe,
1252 2593 1312 2654 8z
1385 2594 1689 2674 quadrata

181 2694 612 2756 distantiarum
644 2693 904 2754 inverse.
1000 2690 1089 2750 Et
1118 2690 1216 2751 hae
1247 2690 1389 2752 duae
1420 2691 1690 2753 rationes

181 2803 564 2871 componunt
607 2790 909 2851 rationem
953 2786 1342 2868 aequalitatis,
1451 2788 1880 2850 Attractiones
1933 2788 2133 2869 igitur,
2182 2786 2242 2847 in
2295 2786 2632 2848 contrarias

182 2902 391 2970 partes
436 2887 759 2969 aequaliter
799 2887 999 2961 factae‚
1046 2907 1116 2947 se
1160 2899 1378 2948 mutuo
1421 2886 1764 2947 destruunt.
1882 2886 1971 2946 Et
2014 2883 2197 2945 simili
2242 2898 2629 2967 argumento,

181 2986 578 3048 attractiones
636 3006 855 3047 omnes
913 3005 1027 3065 per
1083 2995 1280 3045 totam
1339 2983 1709 3063 sphaericam
1766 2983 2157 3063 superficiem
2216 3004 2255 3043 a
2312 2982 2632 3044 contrariis

182 3083 648 3145 attractionibus
677 3083 1093 3144 destruuntur.
1188 3080 1458 3143 Proinde
1502 3103 1726 3163 corpus
1767 3083 1834 3143 P
1876 3080 2108 3143 nullam
2152 3081 2214 3142 in
2258 3093 2499 3162 partem
2535 3081 2631 3140 his

61 3263 65 3266 ᾖ
182 3180 648 3242 attractionibus
679 3178 1028 3261 impellitur.
1122 3179 1197 3258 Q.
1221 3180 1303 3242 E.
1327 3181 1413 3240 D.

362 3442 990 3507 PROPOSITIO
1067 3443 1357 3508 LXXI.
1480 3443 2079 3507 THEOREMA
2158 3443 2459 3505 XXXI.

181 3607 231 3668 I
224 3607 407 3669 isdem
447 3609 685 3689 positis,
732 3610 860 3672 dico
915 3610 1083 3692 quod
1109 3613 1553 3692 ·corpusculum
1609 3618 1790 3673 extra
1844 3610 2202 3691 splzaericam
2256 3606 2631 3688 superficiem

267 3720 663 3782 constitutum
689 3723 1048 3785 attrahitur
1071 3723 1161 3784 ad
1179 3731 1460 3786 centrum
1488 3723 1755 3803 sphaerae,
1780 3722 1850 3786 vi
1871 3723 2164 3803 reciproce
2172 3717 2640 3801 proportionali

271 3831 579 3913 quadrato
604 3832 923 3908 distantia·
944 3855 1070 3898 sua·
1095 3838 1173 3898 ab
1200 3837 1392 3899 eodem
1420 3845 1636 3900 centro.
