2846 4224
196 169 310 226 116
1023 157 1138 207 DE
1174 151 1410 204 MOTU
1445 146 1885 200 CORPORUM

186 355 362 418 prop.
429 329 566 414 XVI)
631 325 892 411 aequalis
968 338 1066 387 est
1128 319 1442 385 velocitati

187 433 467 516 corporis
512 430 775 493 dimidio
821 422 1131 489 intervalli
1165 424 1221 484 S
1235 423 1300 484 P
1329 421 1442 483 cir-

189 532 398 597 culum
430 533 592 595 circa
623 530 791 592 idem
824 539 1109 601 centrum
1135 525 1192 585 S
1210 520 1442 583 unifor-

190 635 375 696 miter
418 628 848 694 describentis,
964 625 1295 686 Minuatur
1339 642 1444 702 pa-
1974 670 2012 712 P
2463 676 2499 715 D

190 732 422 798 rabolae
481 729 748 793 latitudo
814 728 872 789 C
881 727 946 787 P
1008 725 1069 786 in
1132 722 1443 784 infinitum
1499 709 1534 751 C

189 858 282 908 eo,
316 847 386 896 ut
415 853 594 894 arcus
625 824 1019 911 parabolicus
1062 825 1128 885 P
1127 823 1193 904 f
1200 823 1266 884 B
1302 842 1444 882 cum

190 948 358 998 recta
410 933 560 1004 CB,
595 941 877 992 centrum
925 927 982 987 S
1022 946 1163 986 cum
1209 922 1446 984 vertice

187 1037 266 1108 B,
291 1035 351 1097 &
376 1028 772 1094 intervallum
799 1029 856 1089 S
858 1029 923 1088 P
946 1047 1089 1088 cum
1115 1019 1446 1085 intervallo

184 1138 251 1199 B
280 1136 337 1197 C
374 1131 698 1202 coincidat,
749 1129 810 1191 ἃ
855 1126 1170 1191 constabit
1214 1145 1443 1206 propo-

186 1236 344 1298 sitio.
442 1233 516 1310 Q.
541 1233 622 1295 E.
648 1232 732 1294 D.
1509 1277 1540 1321 S

486 1338 493 1345 ’
1512 1351 1546 1394 Β

425 1506 1062 1574 PROPOSITIO
1145 1502 1475 1566 XXXV.
1619 1495 2234 1559 THEOREMA
2311 1495 2448 1560 XI.

187 1677 237 1738 I
231 1676 415 1738 isdem
455 1674 698 1757 positis,
749 1672 879 1734 dico
930 1669 1099 1752 quod
1141 1689 1289 1728 area
1330 1664 1578 1748 figurae
1639 1662 1701 1723 D
1729 1659 1784 1722 E
1810 1660 1878 1736 S,
1934 1658 2117 1721 radio
2175 1657 2502 1740 indefinito
2561 1657 2607 1721 S
2636 1659 2700 1721 D

271 1777 592 1857 descripta,
652 1773 909 1856 aequalis
958 1771 1044 1833 sit
1092 1790 1255 1831 areoe
1308 1788 1499 1849 quam
1551 1772 1788 1846 corpus,
1845 1760 2028 1823 radio
2085 1759 2423 1821 dimidium
2483 1760 2705 1822 laterz's

272 1879 425 1940 recti
445 1877 691 1959 figurae
738 1876 800 1937 D
831 1874 886 1935 E
915 1874 961 1935 S
1010 1878 1303 1954 aequante,
1336 1869 1501 1930 circa
1532 1873 1815 1929 centrum
1854 1863 1899 1926 S
1935 1861 2355 1944 uniformiter
2382 1861 2696 1944 gyrandO,

269 1979 465 2041 eedem
490 1986 754 2059 tempore
779 1974 1107 2037 describere
1120 1979 1335 2055 petest.
2476 1952 2483 1958 ’

305 2134 476 2195 Nam
509 2133 769 2213 concipe
815 2151 1042 2212 corpus
1094 2129 1151 2191 C
1191 2149 1385 2210 quam
1432 2124 1694 2187 minima
1724 2121 2031 2205 temporis
2063 2118 2371 2203 particula
2401 2117 2697 2182 lineolam

189 2229 246 2290 C
258 2250 288 2289 c
338 2226 626 2288 cadendo
678 2225 1050 2295 describere,
1104 2221 1166 2283 &
1219 2222 1460 2282 interea
1513 2240 1743 2299 corpus
1804 2215 1976 2278 aliud
2037 2215 2126 2288 Is,
2182 2213 2582 2276 uniformiter
2634 2213 2697 2275 in

183 2320 412 2384 circulo
462 2323 518 2383 O
542 2320 622 2381 K
636 2320 679 2381 k
723 2319 884 2380 circa
925 2330 1210 2379 centrum
1243 2315 1301 2375 S
1325 2312 1632 2398 gyrando,
1667 2333 1883 2373 arcum
1914 2311 1997 2372 K
2006 2310 2049 2372 k
2079 2308 2454 2371 describere.
2553 2307 2695 2370 Eri-

181 2430 413 2499 gantur
464 2410 914 2497 perpendicula
971 2411 1028 2472 C
1045 2411 1134 2484 D,
1185 2409 1281 2470 cd
1333 2406 1727 2470 occurrentia
1788 2405 2011 2488 figurae
2071 2404 2144 2465 D
2166 2404 2237 2465 E
2255 2403 2312 2464 S
2370 2402 2433 2463 in
2492 2402 2580 2475 D,
2634 2402 2692 2465 d.

182 2510 543 2593 jungantur
573 2510 629 2570 S
647 2510 733 2580 D,
768 2506 894 2578 Sd,
930 2505 986 2565 S
1004 2505 1094 2576 K,
1130 2504 1187 2564 S
1204 2504 1247 2564 k
1278 2503 1339 2564 &
1370 2503 1639 2564 ducatur
1668 2500 1808 2563 Dd
1830 2499 1933 2561 axi
1965 2498 2035 2559 A
2064 2498 2122 2559 S
2146 2517 2485 2560 occurrens
2516 2495 2580 2558 in
2624 2497 2693 2577 T,

186 2603 246 2665 ἃ
276 2604 357 2665 ad
389 2625 529 2664 eam
561 2602 930 2663 demittatur
960 2596 1479 2680 perpendiculum
1513 2599 1569 2659 S
1599 2598 1671 2659 Y.

306 2697 440 2757 Cas,
485 2717 531 2757 1.
582 2695 727 2775 Jam
758 2694 810 2755 si
844 2693 1045 2776 figura
1088 2694 1160 2753 D
1182 2693 1252 2752 E
1274 2693 1331 2753 S
1363 2691 1629 2755 circulus
1661 2703 1760 2753 est
1789 2685 1893 2751 vel
1926 2684 2279 2770 hyperbola
2309 2685 2692 2771 rectangula,
2807 2728 2819 2737 „

183 2790 496 2850 bisecetur
539 2789 674 2870 ejus
719 2801 1081 2849 transversa
1125 2786 1525 2848 diameterA
1557 2787 1614 2847 S
1656 2786 1718 2847 in
1778 2785 1851 2857 0,
1887 2781 1949 2845 &
2001 2781 2122 2844 erit
2174 2782 2231 2842 S
2252 2782 2310 2843 O
2361 2781 2695 2844 dimidium
2811 2799 2813 2802 ·

182 2882 394 2944 lateris
440 2882 605 2942 recti.
700 2881 790 2942 Et
834 2881 1133 2962 quoniam
1179 2893 1277 2942 est
1335 2881 1398 2940 T
1414 2881 1471 2942 C
1494 2880 1576 2941 ad
1621 2880 1686 2940 T
1697 2880 1770 2940 D
1798 2891 1871 2940 ut
1905 2877 1964 2939 C
1974 2898 2005 2938 c
2034 2876 2116 2938 ad
2146 2876 2293 2950 Dal,
2329 2875 2392 2938 δε
2434 2876 2499 2937 T
2509 2877 2583 2938 D
2611 2876 2696 2939 ad

198 2979 319 3039 ΤΞ
343 2990 413 3038 ut
450 2977 579 3037 σῃ
609 2975 690 3036 ad
722 2976 866 3047 Sy,
900 2975 1018 3036 erit
1048 2997 1129 3035 ex
1160 2997 1346 3056 aequo
1384 2974 1509 3035 TC
1526 2974 1607 3035 ad
1646 2975 1766 3035 ΤΒ
1791 2986 1862 3034 ut
1893 2972 2024 3034 CD
2046 2991 2087 3032 κ
2118 2970 2207 3032 cc
2229 2969 2311 3031 ad
2338 2957 2690 3042 SYde,

188 3070 320 3132 Sed
358 3070 495 3152 (per
525 3066 707 3131 corol.
761 3089 806 3130 1.
844 3090 1017 3149 prop.
1054 3067 1293 3151 xxxm)
1330 3080 1427 3128 est
1471 3068 1535 3128 T
1553 3068 1611 3130 C
1635 3068 1718 3129 ad
1763 3067 1827 3127 T
1838 3066 1895 3126 S
1922 3078 1992 3126 ut
2022 3064 2092 3126 A
2129 3064 2188 3126 C
2209 3064 2293 3126 ad
2323 3064 2394 3126 A
2427 3065 2499 3138 0,
2534 3078 2692 3147 puta
2792 3070 2805 3127 J
2837 3060 2846 3136 Ξ

186 3164 239 3224 si
302 3163 363 3224 in
417 3162 583 3223 coitu
644 3175 1019 3242 punctorum
1078 3162 1164 3234 D,
1226 3162 1276 3222 d
1327 3161 1656 3242 capiantur
1714 3159 2022 3221 linearum
2083 3157 2361 3221 rationes
2435 3156 2690 3225 ultimae.
2790 3172 2799 3190 ¹

191 3256 370 3338 Ergo
414 3256 482 3316 Α
514 3256 571 3316 C
610 3268 708 3316 est
752 3254 833 3315 ad
880 3254 1034 3315 Ao
1071 3276 1182 3315 seu
1216 3255 1367 3315 ss<
1405 3268 1476 3316 ut
1513 3254 1846 3315 cDxcc
1887 3251 1970 3313 ad
2018 3251 2393 3315 SYde.
2493 3252 2692 3315 Porro

186 3349 465 3430 corporis
510 3347 953 3409 descendentis
999 3345 1301 3409 velocitas
1348 3348 1410 3409 in
1464 3349 1521 3409 C
1558 3360 1656 3410 est
1701 3347 1783 3408 ad
1829 3344 2233 3408 velocitatem
2264 3347 2545 3429 corporis
2576 3346 2690 3408 cir·
2785 3365 2802 3375 ²

186 3442 394 3504 culum
449 3439 778 3503 intervallo
833 3442 889 3501 S
908 3441 965 3502 C
1011 3441 1174 3502 circa
1225 3454 1510 3503 centrum
1565 3442 1622 3502 S
1669 3440 2086 3502 describentis
2137 3441 2199 3502 in
2249 3439 2692 3524 subduplicata
2791 3463 2801 3471 ·

185 3537 427 3600 ratione
457 3536 525 3597 A
559 3536 616 3596 C
638 3534 719 3595 ad
750 3536 818 3595 A
850 3536 906 3596 Ο
936 3533 1039 3597 vel
1071 3535 1128 3595 S
1141 3535 1223 3596 K
1251 3534 1389 3618 (per
1418 3557 1593 3617 prop.
1629 3535 1886 3614 xxxm).
1984 3535 2075 3597 Et
2105 3535 2243 3598 haec
2272 3533 2576 3598 velocitas
2606 3534 2690 3597 ad

182 3630 584 3695 velocitatem
644 3630 922 3710 corporis
982 3629 1394 3691 describentis
1455 3627 1754 3691 circulum
1825 3628 2041 3691 OKk
2110 3630 2173 3692 in
2248 3628 2691 3712 subduplicata
2839 3606 2842 3608 θ

185 3724 428 3788 ratione
489 3722 640 3783 SK
692 3723 774 3783 ad
829 3723 886 3783 S
906 3723 964 3784 C
1019 3722 1159 3806 (per
1201 3722 1385 3786 corol.
1433 3744 1499 3785 VI
1543 3745 1721 3805 prop.
1773 3722 1860 3807 1v)
1913 3723 1975 3786 &
2019 3746 2101 3786 ex
2146 3747 2335 3808 aequo
2386 3722 2688 3787 velocitas
2776 3722 2797 3794 ζ·

184 3818 388 3901 prima
431 3816 513 3879 ad
558 3815 860 3889 ultimam,
894 3815 1014 3878 hoc
1059 3828 1157 3877 est
1199 3814 1430 3878 lineola
1479 3818 1536 3879 C
1552 3840 1582 3879 c
1625 3817 1707 3878 ad
1739 3839 1953 3878 arcum
1983 3818 2066 3878 K
2079 3818 2124 3880 k
2153 3819 2215 3880 in
2248 3816 2690 3901 subduplicata
2771 3823 2788 3845 *³

187 3911 429 3973 ratione
461 3911 529 3971 A
565 3911 623 3972 C
645 3910 726 3971 ad
759 3910 817 3971 S
841 3911 906 3983 C,
942 3910 1003 3971 id
1036 3922 1134 3971 est
1165 3909 1228 3970 in
1261 3910 1502 3972 ratione
1532 3912 1602 3972 A
1635 3913 1693 3974 C
1708 3911 1790 3973 ad
1821 3910 1879 3972 C
1891 3911 1978 3973 D.
2075 3912 2295 3992 Quare
2325 3926 2425 3976 est
2461 3914 2520 3976 C
2529 3913 2603 3974 D
2623 3932 2666 3974 x

192 4005 273 4066 Cc
317 4002 579 4088 aequale
622 4003 1112 4075 ACka,&
1157 4017 1493 4085 propterea
1538 4006 1606 4065 A
1644 4006 1819 4067 Cad
1868 4005 2024 4067 SK
2062 4020 2132 4069 ut
2176 4006 2559 4070 ACka
2602 4005 2685 4069 ad
2752 3995 2812 4224 ss

2771 3912 2846 4224 Ἴ
