2846 4224
0 0 327 279 Γ

0 321 92 381 7²..
125 298 629 385 perpendiculum
663 298 720 357 S
741 297 808 368 T,
835 295 896 356 &
918 296 1294 375 producatur
1316 298 1481 358 idem
1505 298 1584 358 ad
1624 299 1692 370 V,
1719 313 1787 359 ut
1816 300 1896 359 sit
1930 301 1992 359 T
2012 301 2074 359 V
2095 302 2349 380 aequalis
2381 305 2436 363 S
2467 306 2527 363 T
2540 331 2562 373 ,-

1060 135 1297 182 LIBER
1334 135 1638 185 PRIMUS.
2481 150 2516 201 6
2529 160 2558 218 7

124 413 459 478 centroque
539 396 603 456 V
643 381 710 456 '81
779 392 1102 455 intervallo
1158 395 1226 454 A
1250 396 1315 454 B
1371 396 1753 455 describatur
1810 397 2066 456 circulus
2121 400 2196 457 F
2206 400 2296 459 H.
2421 401 2562 460 Hac

111 490 420 560 methodo
462 495 595 555 sive
638 493 863 553 dentur
904 491 1029 551 duo
1074 505 1302 570 puncta
1335 493 1412 565 Ρ,
1432 500 1500 570 p,
1533 493 1667 553 sive
1711 493 1852 553 duae
1897 506 2221 574 tangentes
2278 496 2341 554 T
2348 497 2427 566 R,
2462 504 2559 569 tr,

127 597 261 656 sive
303 606 597 674 punctum
626 592 691 651 Ρ
733 589 793 649 8z
837 602 1098 670 tangens
1150 590 1213 648 T
1225 591 1307 664 R,
1337 590 1724 650 describendi
1769 604 1913 650 sunt
1956 590 2160 651 circuli
2206 592 2345 652 duo.
2466 594 2563 653 Sit

0 743 2 747 ,
122 693 210 754 Η
251 711 463 751 eorum
518 687 866 748 intersectio
923 687 1284 759 communiS,
1341 686 1401 746 8ι
1458 686 1760 748 umbilicis
1820 689 1887 762 S,
1949 690 2044 762 H,
2094 710 2211 748 axe
2264 688 2365 749 illo
2416 690 2563 750 dato

0 783 1 786 ¹
123 789 504 874 describatur
544 785 902 866 trajectoria.
1046 786 1207 846 Dico
1257 784 1500 846 factum.
1644 785 1812 845 Nam
1853 787 2200 866 trajectoria
2258 787 2566 865 descripta

0 914 2 916 ’
128 886 228 970 (eo
267 886 434 967 quod
476 886 541 944 Ρ
556 884 643 944 Η
649 898 700 950 -Ι-
721 883 777 943 S
787 885 851 943 Ρ
901 883 962 943 in
1013 882 1227 961 ellipsi‚
1262 882 1321 942 &
1364 884 1428 942 P
1444 883 1531 942 H
1533 882 1744 942 —SP
1788 884 1848 943 in
1895 883 2234 963 hyperbola
2285 898 2566 963 aequatur

122 985 247 1067 axi)
294 983 576 1044 transibit
603 1003 716 1062 per
752 994 1048 1061 punctum
1095 982 1174 1055 Ρ,
1209 980 1270 1041 &
1305 980 1439 1060 (per
1467 979 1693 1041 lemma
1737 980 2043 1062 superius)
2078 994 2292 1061 tanget
2336 994 2563 1041 rectam

0 1100 5 1111 *
134 1084 199 1145 T
204 1084 284 1144 R.
379 1082 467 1141 Et
516 1080 738 1141 eodem
796 1091 1164 1161 argumento
1220 1077 1320 1138 vel
1372 1079 1656 1138 transibit
1713 1079 1933 1139 eadem
1992 1099 2103 1157 per
2154 1091 2381 1157 puncta
2438 1078 2563 1138 duo

0 1206 6 1210 ·
124 1182 200 1253 P,
210 1188 279 1260 p,
311 1178 410 1241 vel
442 1191 656 1259 tanget
686 1190 883 1238 rectas
913 1177 1069 1236 duas
1112 1175 1176 1235 T
1186 1175 1268 1247 R,
1301 1182 1329 1234 t
1349 1196 1400 1235 r.
1495 1175 1747 1249 Q.E.F.

428 1461 1057 1524 PROPOSITIO
1135 1461 1353 1522 XIX.
1483 1459 2043 1522 PROBLEMA
2124 1459 2260 1519 XI.

136 1631 317 1692 Circa
385 1629 603 1689 datum
672 1627 1026 1688 umbilicum
1098 1629 1511 1708 trajectoriam
1553 1627 1978 1708 parabolicam
2048 1624 2376 1695 describere,
2435 1645 2570 1703 qua*

317 1742 609 1802 transibit
619 1749 744 1821 per
753 1748 994 1821 puncta
1021 1740 1185 1814 data,
1216 1742 1297 1805 (ἴτ’
1326 1747 1514 1800 rectas
1526 1739 1829 1819 positione
1855 1738 2033 1797 datas
2059 1736 2370 1815 continget.

236 1921 335 1981 Sit
386 1921 443 1981 S
483 1919 824 1994 umbilicu3‚
855 1921 920 1979 Ρ
962 1932 1258 1999 punctum
1306 1919 1365 1979 &
1428 1920 1492 1980 T
1499 1920 1565 1979 R
1616 1931 1879 1998 tangens
1932 1914 2295 1995 trajectoriae
2340 1912 2564 1972 descri-

0 2042 1 2069 ss
116 2020 358 2082 ‘bendae.
451 2020 683 2080 Centro
725 2020 803 2089 Ρ,
838 2016 1158 2078 intervallo
1201 2018 1340 2077 PS
1378 2018 1658 2078 describe
1688 2013 1978 2076 circulum
2029 2014 2098 2072 F
2113 2012 2185 2072 G.
2279 2011 2386 2070 Ab
2433 2032 2564 2069 um-

0 2074 7 2226 i

0 2238 19 2328 ι,

11 2379 13 2383 ,
126 2310 384 2373 circulus
409 2311 474 2390 f
470 2333 534 2392 g,
559 2313 611 2371 si
662 2312 845 2371 datur
894 2310 1154 2372 alterum
1198 2324 1494 2391 punctum
1532 2318 1631 2389 p‚·
1674 2307 1774 2369 vel
1824 2304 2265 2367 inveniendum
2306 2301 2565 2364 alterum

13 3118 15 3123 ’
131 3113 392 3173 eamque
421 3093 629 3154 biseca
659 3094 719 3153 in
750 3094 830 3153 K
844 3119 867 3163 ‚·
912 3093 972 3153 &
1002 3115 1119 3153 axe
1151 3093 1206 3152 S
1220 3092 1306 3163 K,
1339 3091 1570 3151 vertice
1602 3090 1764 3169 prin-

0 2528 12 2736 Ξ
108 2605 224 2687 fg
245 2606 296 2667 si
327 2606 552 2666 dantur
579 2605 705 2667 duo
736 2619 964 2685 puncta
1005 2608 1082 2678 Ρ,
1100 2615 1168 2686 p,
1201 2604 1301 2666 vel
1346 2616 1619 2665 transeat
1662 2625 1774 2682 per

0 2724 22 2781 5²

0 2799 11 2988 ἰ

96 2910 423 2978 ¹punctum
490 2898 558 2968 V,
598 2899 649 2957 si
701 2898 884 2957 datur
933 2911 1229 2977 punctum
1279 2898 1343 2956 Ρ
1395 2895 1454 2956 &
1505 2908 1768 2976 tangens

120 2115 303 2179 bilico
360 2117 440 2176 ad
485 2129 843 2197 tangentem
895 2116 1152 2175 demitte
1203 2114 1773 2195 perpendicularem
1827 2113 1883 2172 S
1912 2111 1979 2182 T,
2042 2110 2102 2170 &
2153 2108 2386 2188 produc
2430 2128 2567 2167 eam

122 2215 204 2275 ad
251 2215 319 2286 V,
352 2227 420 2274 ut
449 2216 528 2274 sit
568 2216 631 2275 T
655 2215 718 2274 V
738 2212 992 2294 aequalis
1023 2215 1079 2273 S
1109 2214 1174 2276 T.
1298 2213 1543 2274 Eodem
1589 2210 1776 2272 modo
1816 2206 2257 2269 describendus
2288 2218 2384 2266 est
2413 2203 2567 2264 alter

125 2423 422 2491 punctum
452 2432 504 2484 v,
539 2410 590 2470 si
621 2410 803 2470 datur
831 2409 1023 2470 altera
1051 2423 1314 2491 tangens
1347 2417 1448 2479 tr,·
1484 2409 1627 2469 dein
1659 2408 1769 2467 du-

126 2508 322 2570 cenda
351 2520 517 2568 recta
545 2509 593 2567 I
606 2509 676 2567 F
710 2529 850 2587 quae
882 2520 1097 2588 tangat
1126 2508 1283 2568 duos
1324 2504 1579 2567 circulos
1609 2506 1678 2564 F
1696 2505 1769 2575 G,

129 2703 253 2765 duo
282 2717 510 2783 puncta
555 2704 623 2774 V,
655 2725 706 2774 v,
739 2704 791 2763 si
822 2704 1048 2763 dantur
1083 2704 1225 2763 duae
1257 2715 1583 2783 tangentes
1626 2701 1689 2760 T
1686 2702 1766 2770 R,

131 2808 227 2873 tr,
284 2799 385 2861 vel
445 2814 660 2882 tangat
703 2799 993 2860 circulum
1045 2802 1114 2860 F
1128 2801 1187 2861 G
1232 2799 1292 2860 81
1343 2810 1617 2875 transeat
1659 2819 1772 2877 per

142 2990 206 3056 T
215 2997 297 3057 R.
395 2996 503 3056 Ad
553 2997 623 3055 F
630 2997 679 3055 I
715 2996 973 3056 demitte
1024 2992 1595 3075 perpendicularem
1642 2993 1698 3051 S
1709 2993 1765 3062 J,

130 3188 306 3270 cipali
348 3191 429 3250 K
464 3190 846 3251 describatur
891 3188 1199 3270 parabola.
1316 3188 1476 3249 Dico
1520 3188 1761 3249 factum.

139 3285 305 3347 Nam
335 3287 642 3367 parabola,
675 3289 756 3349 ob
786 3286 1058 3367 aequales
1091 3287 1146 3346 S
1160 3287 1240 3346 K
1262 3286 1322 3346 &
1351 3286 1496 3356 JK,
1546 3285 1602 3344 S
1613 3286 1676 3344 Ρ
1707 3285 1766 3345 &

124 3382 201 3443 .F
207 3384 286 3458 P,
318 3386 600 3445 transibit
628 3407 741 3466 per
768 3399 1065 3466 punctum
1094 3386 1180 3455 P‚·
1212 3383 1272 3444 &
1307 3385 1441 3463 (per
1469 3382 1606 3444 lem.
1643 3403 1764 3445 XIV.

135 3480 312 3543 corol.
351 3482 429 3563 3.)
460 3483 541 3544 ob
585 3483 856 3564 aequales
902 3485 957 3545 S
983 3485 1046 3544 T
1080 3483 1141 3544 &
1196 3484 1259 3543 T
1286 3483 1350 3542 V
1386 3482 1447 3543 ἃ
1482 3479 1777 3563 angulum
1809 3494 2043 3543 rectum
2090 3481 2147 3541 S
2168 3481 2231 3541 T
2240 3481 2320 3551 R,
2354 3489 2568 3559 tanget

138 3591 361 3640 rectam
418 3581 569 3643 TR.
661 3581 916 3656 Q.E.F.
