2820 4224
582 969 1332 1059 EDJTORJS
1470 969 2036 1058 PRAEFA
2077 971 2323 1060 TJO

1398 1177 1493 1216 IN

748 1356 1435 1428 EDITIONEM
1490 1354 2173 1425 SECUNDAM.

370 1631 995 1693 EWTONIANAE
1083 1630 1494 1712 philosophiae
1571 1653 1796 1694 novam
1873 1632 1998 1703 tibi,
2075 1629 2268 1692 lector
2339 1626 2655 1696 benevole,

453 1731 687 1811 diuque
744 1730 1162 1791 desideratam
1221 1731 1578 1802 editionem,
1646 1729 1976 1811 plurimum
2042 1751 2204 1789 nunc
2238 1726 2656 1788 vemendatam

209 1841 398 1909 atque
444 1829 782 1890 auctiorem
834 1830 1218 1890 exhibemus,
1313 1830 1475 1908 Quae
1524 1830 1919 1910 potissimum
1966 1829 2399 1889 contineantur
2442 1826 2503 1885 in
2540 1825 2657 1885 hoc

209 1947 398 2006 opere
445 1926 861 1999 celeberrimo,
897 1927 1241 2010 intelligere
1289 1942 1470 2008 potes
1518 1950 1597 1989 ex
1651 1928 1955 1988 indicibus
2003 1926 2300 2007 adjectis:
2368 1946 2509 2004 quae
2557 1922 2655 1983 vel

209 2026 520 2086 addantur
575 2025 676 2086 vel
737 2027 1152 2098 immutentur,
1216 2027 1351 2107 ipsa
1410 2040 1471 2087 te
1530 2026 1657 2087 fere
1725 2026 1975 2087 docebit
2032 2023 2298 2084 auctoris
2358 2022 2653 2102 praefatio,

216 2121 549 2203 Reliquum
582 2137 694 2195 est,
728 2137 797 2184 ut
825 2124 1195 2205 adjiciantur
1226 2123 1522 2185 nonnulla
1552 2125 1632 2185 de
1664 2124 1961 2185 methodo
1992 2123 2174 2204 hujus
2206 2120 2630 2201 philosophiae.

325 2220 452 2297 Qui
483 2221 806 2300 physicam
853 2223 1238 2294 tractandam
1284 2236 1708 2302 susceperunt,
1742 2222 1822 2281 ad
1869 2234 1994 2281 tres
2038 2220 2167 2281 fere
2212 2218 2440 2280 classes
2477 2239 2651 2278 revo-

210 2319 332 2378 cari
378 2332 654 2398 possunt.
773 2320 1136 2382 Extiterunt
1179 2322 1360 2392 enim,
1395 2322 1501 2401 qui
1548 2322 1807 2402 singulis
1853 2341 2056 2405 rerum
2102 2320 2427 2400 speciebus
2459 2317 2650 2398 quali-

210 2429 369 2477 tates
417 2417 735 2495 specificas
786 2418 845 2478 8ι
892 2418 1163 2480 occultas
1216 2420 1541 2480 tribuerint
1567 2442 1579 2490 ;
1642 2441 1720 2479 ex
1773 2419 1998 2498 quibus
2049 2418 2277 2477 deinde
2329 2438 2654 2496 corporum

209 2512 594 2595 singulorum
647 2517 1056 2595 operationeS,
1108 2518 1322 2599 ignota
1369 2518 1639 2598 quadam
1689 2518 1942 2587 ratione,
1981 2515 2255 2596 pendere
2305 2514 2648 2579 voluerunt.

48 2608 65 2642 ³
127 2680 131 2682 ,
215 2613 289 2671 In
320 2612 437 2674 hoc
468 2613 674 2693 posita
699 2627 797 2674 est
831 2636 1076 2675 summa
1119 2615 1417 2676 doctrinae
1466 2613 1865 2686 scholasticae,
1898 2615 1978 2674 ab
2025 2614 2364 2674 Aristotele
2392 2614 2452 2673 ἃ
2488 2614 2651 2674 Peri-

210 2712 491 2792 pateticis
541 2713 880 2774 derivatae:
928 2713 1267 2774 Affirmant
1312 2715 1528 2794 utique
1579 2712 1857 2795 singulos
1905 2713 2160 2774 effectus
2205 2733 2284 2772 ex
2328 2733 2653 2791 corporum

208 2809 621 2892 singularibus
652 2811 886 2871 naturis
917 2811 1058 2872 oriri
1083 2833 1099 2883 3
1145 2824 1211 2872 at
1240 2812 1407 2872 unde
1437 2813 1562 2873 sint
1592 2811 1712 2873 illae
1757 2824 1993 2872 naturae
2040 2832 2162 2872 non
2200 2811 2458 2883 docent;
2507 2809 2654 2869 nihil

209 2908 418 2989 itaque
456 2909 698 2972 docent.
793 2911 1080 2992 Cumque
1127 2913 1241 2973 toti
1285 2913 1410 2973 sint
1457 2914 1514 2973 in
1567 2934 1771 2974 rerum
1825 2913 2193 2982 nominibuS,
2228 2934 2351 2973 non
2398 2913 2458 2972 in
2506 2912 2653 2992 ipsis

209 3006 426 3079 rebus;
472 3028 824 3069 sermonem
855 3009 1168 3088 quendam
1200 3009 1695 3090 philosophicum
1727 3010 2022 3071 censendi
2062 3024 2207 3070 sunt
2240 3010 2650 3080 adinvenisse,

210 3101 664 3184 philosophiam
696 3106 1025 3168 tradidisse
1057 3129 1181 3167 non
1211 3122 1357 3169 sunt
1387 3109 1698 3169 censendi.

323 3199 452 3260 Alii
496 3223 647 3283 ergo
692 3202 961 3264 melioris
1008 3204 1347 3288 diligentiae
1399 3206 1649 3267 laudem
1707 3206 2005 3286 consequi
2051 3220 2378 3286 sperarunt
2425 3208 2650 3287 rejecta

210 3297 652 3361 vocabulorum
698 3301 894 3363 inutili
938 3302 1264 3386 farragine.
1358 3306 1727 3366 Statuerunt
1774 3306 1984 3384 itaque
2032 3305 2353 3364 materiam
2402 3305 2644 3365 univer-

209 3414 344 3455 sam
390 3395 844 3479 homogeneam
892 3421 1046 3474 esse,
1089 3424 1342 3464 omnem
1392 3424 1544 3464 vero
1590 3402 1927 3464 formarum
1980 3403 2360 3473 varietatem,
2400 3424 2541 3482 quae
2587 3403 2646 3461 in

210 3493 569 3571 corporibus
627 3496 911 3569 cernitur,
972 3520 1052 3559 ex
1110 3499 1548 3580 particularum
1617 3501 2123 3580 componentium
2182 3499 2647 3580 simplicissimis

210 3588 582 3668 quibusdam
660 3592 721 3654 &
785 3594 1096 3658 intellectu
1165 3597 1468 3659 facillimis
1536 3598 1964 3659 affectionibus
2039 3598 2196 3658 oriri.
2331 3598 2418 3656 Et
2485 3609 2648 3656 recte

212 3685 464 3764 quidem
494 3691 848 3770 progressio
879 3693 1218 3756 instituitur
1247 3718 1284 3755 a
1315 3694 1789 3774 simplicioribus
1829 3696 1909 3755 ad
1959 3696 2157 3776 magis
2206 3695 2561 3773 composita,
2594 3695 2644 3753 si

89 3859 108 3866 -
212 3783 644 3861 particularum
695 3788 1000 3869 primariis
1049 3791 1165 3854 illis
1222 3793 1649 3854 affectionibus
1702 3813 1825 3854 non
1878 3790 2030 3853 alios
2089 3793 2364 3852 tribuunt
2410 3791 2643 3861 mod05,
