2846 4224
1148 89 1438 139 DEFINI
1435 91 1518 140 TI
1513 91 1720 141 ONES.
2615 117 2645 175 5

934 359 1581 422 DEFINITIO
1670 361 1920 424 VIII.

217 541 280 603 V
272 541 326 603 is
379 540 720 622 centrz‘petae
770 539 1094 622 quantitas
1141 538 1376 602 motrzssx
1426 546 1512 599 est
1575 539 1770 619 ipsius
1830 561 2117 602 mensura
2160 544 2650 623 proportionalis

817 652 1026 727 motui,
1071 673 1248 733 quem
1288 651 1432 712 dato
1476 659 1737 731 tempore
1763 661 2032 734 general.

18 757 25 775 t

21 795 34 808 ο

12 809 36 852 3

316 846 430 907 Uti
481 846 728 926 pondus
779 847 979 928 majus
1031 846 1093 907 in
1152 846 1387 927 majore
1439 867 1712 926 corpore,
1767 848 1970 908 minus
2024 849 2085 908 in
2138 849 2409 922 minore;
2471 848 2532 909 &
2584 849 2644 909 in

197 966 454 1025 corpore
483 946 706 1007 eodem
738 946 936 1027 majus
981 967 1177 1025 prope
1222 958 1464 1017 terram,
1499 946 1702 1005 minus
1748 946 1809 1005 in
1855 946 2043 1009 coelis,
2142 948 2303 1008 Haec
2333 947 2646 1027 quantitas

195 1057 292 1105 est
319 1045 592 1125 corporis
623 1045 810 1106 totius
847 1045 1318 1124 centripetentia
1361 1066 1470 1104 seu
1517 1046 1850 1124 propensio
1896 1046 1957 1105 in
2003 1059 2296 1118 centrum,
2332 1046 2391 1106 &
2440 1044 2532 1128 (ut
2562 1046 2648 1105 ita

193 1142 420 1226 dicam)
482 1143 760 1224 pondus;
823 1142 884 1204 &
942 1142 1271 1204 innotescit
1328 1164 1576 1221 semper
1633 1164 1746 1222 per
1802 1145 1931 1203 vim
1990 1145 2106 1224 ipsi
2158 1145 2526 1206 contrariam
2586 1144 2647 1205 &

192 1240 512 1322 aequalem,
547 1264 671 1323 qua
700 1242 1035 1303 descensus
1067 1242 1339 1320 corporis
1372 1241 1655 1320 impediri
1686 1255 1908 1321 potest.

310 1340 523 1402 Hasce
573 1342 798 1402 virium
850 1341 1227 1421 quantitates
1279 1341 1602 1401 brevitatis
1652 1341 1854 1422 gratia
1905 1341 2224 1402 nominare
2281 1340 2424 1402 licet
2480 1340 2645 1401 vires

194 1441 497 1513 motrice5‚
551 1439 1024 1511 acceleratriceS‚
1080 1439 1141 1500 &
1192 1438 1541 1512 absolutas;
1598 1439 1658 1499 ἃ
1717 1439 2128 1501 distinctionis
2186 1440 2387 1521 gratia
2417 1439 2643 1500 referre

190 1537 272 1598 ad
324 1561 590 1619 corpora
646 1552 926 1600 centrum
985 1539 1276 1618 petentia,
1343 1538 1424 1598 ad
1490 1560 1817 1618 corporum
1882 1537 2031 1610 loca,
2094 1538 2155 1599 &
2218 1538 2298 1598 ad
2363 1551 2643 1598 centrum

189 1637 453 1699 virium:
500 1638 787 1698 nimirum
833 1639 961 1698 vim
1007 1638 1328 1699 motricem
1372 1637 1453 1697 ad
1499 1658 1738 1717 corpuS,
1778 1650 2075 1717 tanquam
2121 1649 2409 1698 conatum
2455 1636 2643 1696 totius

189 1734 251 1794 in
315 1749 594 1797 centrum
667 1758 746 1798 ex
810 1737 1132 1798 conatibus
1198 1736 1475 1797 omnium
1541 1736 1808 1815 partium
1874 1736 2321 1815 compositum;
2390 1734 2450 1794 &
2514 1734 2642 1794 vim

187 1832 675 1896 acceleratricem
720 1835 801 1896 ad
846 1834 1049 1897 locum
1101 1834 1391 1914 corporiS‚
1446 1847 1743 1913 tanquam
1796 1834 2131 1895 efficaciam
2184 1832 2515 1913 quandam,
2562 1832 2643 1891 de

187 1945 399 1994 centro
450 1955 562 2013 per
611 1933 747 1996 loca
796 1932 1041 2015 singula
1093 1934 1153 1993 in
1207 1933 1460 1993 circuitu
1515 1933 1819 2004 diffusam,
1874 1933 1954 1992 ad
2014 1931 2327 1993 movenda
2384 1951 2643 2010 corpora

185 2052 327 2111 quae
392 2032 453 2092 in
520 2033 669 2112 ipsis
727 2045 905 2105 sunt;
966 2032 1094 2092 vim
1153 2044 1363 2092 autem
1422 2030 1770 2092 absolutam
1835 2032 1915 2092 ad
1980 2044 2276 2103 centrum,
2343 2043 2641 2110 tanquam

182 2151 370 2191 causa
426 2130 633 2212 aliqua
689 2132 1036 2212 praeditum,
1097 2131 1231 2191 sine
1283 2152 1407 2211 qua
1464 2131 1628 2190 vires
1688 2130 1976 2190 motrices
2036 2151 2159 2190 non
2219 2141 2643 2210 propagantur

181 2251 295 2309 per
345 2231 629 2312 regiones
682 2231 743 2291 in
796 2230 1083 2303 circuitu;
1129 2229 1264 2289 sive
1308 2250 1495 2289 causa
1539 2226 1640 2288 illa
1684 2228 1764 2288 sit
1807 2250 2029 2308 corpus
2073 2227 2325 2308 aliquod
2370 2225 2640 2288 centrale

184 2326 393 2409 (quale
443 2342 540 2390 est
582 2350 841 2411 magnes
887 2329 948 2388 in
994 2340 1206 2389 centro
1249 2328 1346 2387 vis
1390 2326 1773 2408 magneticae‚
1820 2325 1921 2386 vel
1973 2339 2136 2387 terra
2180 2326 2241 2385 in
2286 2338 2500 2386 centro
2542 2324 2639 2384 vis

180 2427 572 2510 gravitantis)
648 2429 784 2489 sive
855 2426 975 2487 alia
1046 2425 1254 2506 aliqua
1326 2447 1467 2505 quae
1543 2446 1667 2485 non
1740 2427 2013 2504 apparet.
2153 2423 2636 2484 Mathematicus

180 2524 486 2586 duntaxat
529 2539 625 2587 est
675 2526 774 2587 hic
826 2538 1202 2605 conceptus:
1268 2525 1437 2584 Nam
1483 2524 1708 2584 virium
1753 2544 1969 2583 causas
2016 2522 2076 2583 &
2120 2522 2302 2583 sedes
2347 2522 2636 2602 physicas

171 2622 303 2704 jam
335 2645 459 2685 non
490 2625 796 2704 expendo,

309 2722 430 2783 Est
459 2724 646 2806 igitur
674 2725 770 2785 vis
800 2722 1196 2785 acceleratrix
1227 2723 1307 2783 ad
1339 2723 1468 2783 vim
1500 2722 1820 2783 motricem
1851 2733 1920 2781 ut
1949 2719 2228 2781 celeritas
2264 2719 2344 2779 ad
2377 2731 2629 2779 motum.

183 2818 397 2881 Oritur
425 2822 591 2882 enim
637 2824 951 2903 quantitas
997 2835 1202 2883 motus
1247 2844 1326 2883 ex
1371 2821 1686 2883 celeritate
1732 2821 1792 2881 &
1836 2842 1915 2880 ex
1960 2819 2306 2899 quantitate
2343 2816 2632 2887 materiae,

180 2916 240 2978 &
282 2919 379 2979 vis
431 2921 657 2981 motrix
708 2943 787 2983 ex
831 2922 894 2982 vi
939 2919 1366 2982 acceleratrice
1412 2920 1473 2981 &
1517 2942 1596 2981 ex
1641 2920 1989 3000 quantitate
2033 2918 2314 3000 ejusdem
2360 2911 2633 2976 materiae

177 3018 567 3098 conjunctim.
692 3020 861 3081 Nam
913 3042 1157 3081 summa
1214 3021 1528 3081 actionum
1590 3019 1686 3079 vis
1738 3018 2178 3080 acceleratricis
2238 3017 2299 3076 in
2358 3012 2633 3095 singulas

176 3116 448 3195 corporis
499 3117 830 3198 particulas
881 3132 978 3180 est
1028 3119 1124 3179 vis
1177 3119 1404 3180 motrix
1457 3119 1661 3180 totius,
1777 3117 1970 3178 Unde
2012 3118 2195 3198 juxta
2244 3112 2632 3193 superficiem

175 3222 370 3285 terrae,
436 3215 542 3276 ubi
613 3218 891 3298 gravitas
963 3215 1360 3278 acceleratrix
1426 3238 1536 3277 seu
1601 3217 1698 3276 vis
1761 3216 2082 3297 gravitans
2148 3214 2208 3274 in
2274 3211 2632 3291 corporibus

174 3312 479 3374 universis
515 3316 736 3377 eadem
781 3330 891 3388 est,
922 3318 1199 3398 gravitas
1245 3317 1471 3378 motrix
1515 3338 1626 3378 seu
1671 3315 1918 3396 pondus
1955 3325 2051 3374 est
2079 3324 2149 3372 ut
2178 3332 2441 3390 corpus:
2487 3320 2553 3368 at
2580 3308 2631 3367 si

175 3408 237 3468 in
295 3412 582 3493 regiones
640 3415 1011 3476 ascendatur
1061 3415 1166 3476 ubi
1218 3415 1496 3497 gravitas
1548 3413 1944 3476 acceleratrix
1996 3411 2066 3471 fit
2116 3410 2331 3480 minor,
2385 3406 2630 3487 pondus

174 3508 403 3586 pariter
453 3511 776 3585 minuetur,
830 3514 1072 3594 eritque
1122 3535 1372 3593 semper
1422 3525 1491 3573 ut
1534 3534 1758 3593 corpus
1804 3511 1865 3571 &
1906 3509 2183 3591 gravitas
2235 3504 2630 3581 acceleratrix

171 3608 561 3688 conjunctim.
695 3610 802 3672 Sic
874 3612 935 3672 in
1010 3612 1367 3695 regionibus
1439 3612 1546 3673 ubi
1626 3610 1901 3693 gravitas
1973 3604 2367 3667 acceleratrix
2439 3599 2630 3680 duplo

173 3705 373 3766 minor
417 3719 527 3778 est,
577 3708 822 3787 pondus
870 3711 1144 3791 corporis
1191 3708 1383 3791 duplo
1435 3708 1535 3770 vel
1589 3707 1771 3789 triplo
1819 3706 2071 3768 minoris
2118 3705 2234 3766 erit
2284 3698 2628 3783 quadruplo

172 3802 273 3864 vel
305 3804 591 3885 sextuplo
623 3808 841 3870 minus,
