2852 4250
0 2231 24 2544 -m'uqaz-«ff-nm

26 3315 30 3318 .
0 2556 30 3278 mcv-ruamuexauswm

1157 87 1397 164 LIBER
1429 114 1739 164 PRIMUS.
1823 145 1825 147 -
2555 139 2575 178 1
2590 123 2666 196 65

347 279 516 340 Nam
567 280 732 340 vires
784 277 919 350 illae,
965 277 1191 359 quibus
1235 298 1495 356 corpora
1538 297 1607 337 se
1651 289 1869 338 mutuo
1913 277 2179 351 trahunt,
2228 279 2548 341 tendendo
2591 283 2671 342 ad

229 398 504 457 corpora,
565 378 831 452 tendunt
901 376 982 436 ad
1046 395 1375 436 commune
1445 374 1772 455 gravitatis
1845 387 2126 435 centrum
2201 375 2674 449 intermedium;

230 474 496 554 ideoque
526 475 766 536 eaedem
795 486 954 545 sunt,
986 495 1059 534 ac
1089 473 1141 532 si
1171 494 1210 532 a
1237 493 1496 551 corpore
1528 471 1899 532 intermedio
1929 484 2268 552 manarent.
2363 473 2519 547 Q.E
2521 522 2531 533 .
2545 475 2629 535 D.

270 595 275 599 ·
347 571 436 632 Et
496 569 790 652 quoniam
847 570 1032 630 datur
1081 570 1237 630 ratio
1308 569 1623 630 distantiae
1682 570 1957 649 corporis
2016 569 2311 629 utriusvis
2370 591 2408 629 a
2465 584 2678 632 centro

228 666 333 730 illo
390 669 701 730 communi
760 668 842 728 ad
914 667 1272 728 distantiam
1332 667 1492 727 inter
1549 689 1824 747 corpora,
1884 667 2134 728 dabitur
2191 668 2347 728 ratio
2406 661 2678 749 cujusvis

227 768 554 846 potestatis
584 763 895 826 distantiae
940 765 1121 825 unius
1165 765 1246 825 ad
1291 765 1558 826 eandem
1604 778 1979 845 potestatem
2025 765 2339 825 distantiae
2388 763 2684 838 alterius;

116 926 122 931 ,
228 877 298 924 ut
328 864 388 925 8ι
417 865 573 925 ratio
603 863 964 944 quantitatis
994 862 1285 944 cujusviS‚
1320 883 1462 942 quae
1507 884 1586 923 ex
1631 883 1755 922 una
1799 863 2093 923 distantia
2125 864 2184 923 &
2229 863 2678 942 quantitatibus

228 962 391 1023 datis
463 975 777 1042 utcunque
849 961 1181 1032 derivatur,
1242 960 1322 1021 ad
1396 961 1809 1040 quantitatem
1882 960 2083 1036 aliam,
2147 983 2288 1041 quae
2348 983 2427 1022 ex
2486 960 2681 1023 altera

228 1061 538 1133 distantia,
573 1060 633 1121 8t.
663 1060 1116 1140 quantitatibus
1163 1059 1426 1120 totidem
1458 1059 1635 1131 datis,
1682 1059 2021 1139 datamque
2052 1058 2216 1119 illam
2248 1059 2680 1119 distantiarum

233 1160 534 1221 rationem
565 1158 647 1219 ad
691 1158 928 1238 priores
974 1158 1348 1219 habentibus
1394 1157 1675 1219 similiter
1717 1159 2049 1219 derivatur.
2169 1157 2438 1217 Proinde
2483 1157 2534 1216 si
2565 1157 2678 1241 vis,

226 1281 352 1338 qua
409 1279 632 1338 corpus
691 1279 882 1318 unum
941 1258 1020 1317 ab
1078 1256 1274 1318 altero
1346 1257 1624 1331 trahitur,
1688 1257 1770 1317 sit
1827 1257 2061 1316 directe
2133 1253 2234 1314 vel
2308 1255 2553 1314 inverse
2612 1266 2684 1314 ut

226 1357 520 1418 distantia
577 1379 903 1437 corporum
963 1357 1043 1417 ab
1103 1355 1404 1426 invicem;
1478 1352 1581 1415 vel
1640 1367 1710 1415 ut
1768 1352 2064 1434 quaelibet
2123 1353 2307 1434 hujus
2369 1353 2680 1413 distantiae

225 1467 540 1534 potestas;
614 1453 714 1515 vel
774 1455 1045 1535 denique
1104 1466 1173 1514 ut
1245 1453 1562 1534 quantitas
1622 1452 1863 1533 quaevis
1938 1473 2016 1512 ex
2090 1451 2205 1510 hac
2264 1450 2560 1511 distantia
2621 1449 2681 1509 ἃ

225 1553 672 1639 quantitatibus
720 1553 882 1614 datis
940 1552 1507 1633 quomodocunque
1550 1551 1877 1612 derivata:
1945 1550 2062 1611 erit
2112 1550 2334 1610 eadem
2394 1550 2506 1620 viS,
2554 1570 2679 1629 qua

225 1672 448 1730 corpus
482 1651 646 1711 idem
691 1651 771 1711 ad
817 1672 1146 1712 commune
1189 1651 1515 1732 gravitatis
1561 1663 1842 1711 centrum
1888 1648 2164 1719 trahitur,
2198 1648 2431 1708 directe
2464 1647 2677 1707 itidem

224 1749 326 1811 vel
373 1750 617 1810 inverse
663 1762 731 1809 ut
774 1749 1047 1829 corporis
1093 1749 1336 1809 attracti
1382 1749 1679 1809 distantia
1722 1769 1760 1808 a
1804 1760 2017 1808 centro
2063 1745 2166 1807 illo
2211 1746 2543 1820 communi,
2577 1745 2676 1806 vel

225 1860 296 1908 ut
324 1848 545 1909 eadem
589 1847 900 1908 distantiae
946 1847 1129 1929 hujus
1174 1860 1469 1926 potestaS,
1508 1844 1609 1907 vel
1655 1846 1927 1925 denique
1970 1858 2040 1905 ut
2084 1843 2397 1924 quantitas
2442 1864 2521 1903 ex
2565 1842 2680 1903 hac

226 1946 524 2007 distantia
553 1945 613 2006 &
642 1945 922 2028 analogis
954 1947 1405 2026 quantitatibus
1450 1945 1613 2006 datis
1658 1943 1940 2005 similiter
1969 1944 2266 2004 derivata.
2394 1942 2540 2003 Hoc
2584 1955 2681 2003 est

224 2045 321 2106 vis
353 2045 653 2106 trahentis
684 2045 905 2106 eadem
936 2045 1053 2106 erit
1081 2042 1183 2106 lex
1215 2056 1498 2126 respectu
1530 2043 1843 2104 distantiae
1874 2042 2211 2123 utriusque.
2306 2041 2378 2117 Q.
2390 2041 2470 2102 E.
2486 2041 2571 2102 D.

343 2334 969 2397 PROPOSITIO
1056 2334 1314 2396 LXII.
1439 2331 2005 2393 PROBLEMA
2088 2329 2545 2391 XXXVIII.

230 2502 575 2582 Corporum
631 2501 912 2573 duorum,
972 2523 1107 2582 quse
1176 2500 1413 2560 viribus
1469 2498 1774 2579 quadrato
1844 2488 2156 2558 dzlitantz'ae
2211 2518 2338 2557 suae
2393 2494 2709 2574 reciproco„

291 2615 865 2695 proportionalibus
913 2636 973 2675 se
1019 2619 1232 2673 mutuo
1282 2611 1565 2685 trallunt,
1608 2632 1678 2671 ac
1718 2610 1791 2670 de
1837 2611 1980 2672 locis
2029 2610 2192 2670 datis
2241 2609 2673 2682 demittuntur,

306 2728 712 2788 determinare
747 2734 958 2787 motus.

337 2899 616 2978 Corpora
664 2896 802 2979 (per
843 2897 1165 2958 theorema
1224 2894 1658 2976 novissimum)
1708 2893 1968 2975 perinde
2019 2893 2452 2962 movebuntur,
2506 2912 2578 2951 ac
2623 2889 2674 2950 si

221 3019 259 3058 a
292 3018 550 3077 corpore
581 2997 762 3058 tertio
793 2996 854 3055 in
886 2995 1198 3056 communi
1243 2995 1571 3075 gravitatis
1616 3005 1832 3054 centro
1877 2991 2215 3053 constituto
2246 2990 2636 3050 traherentur
2662 3012 2674 3060 ;

225 3095 286 3156 &
342 3108 622 3156 centrum
682 3093 832 3154 illud
906 3094 1043 3173 ipso
1116 3106 1321 3153 motus
1383 3092 1558 3153 initio
1617 3092 1898 3171 quiescet
1955 3111 2069 3170 per
2126 3087 2538 3169 hypothesim
2614 3085 2674 3146 ἃ

127 3218 132 3221 ·
220 3207 552 3274 propterea
598 3191 735 3275 (per
763 3191 973 3272 legum
1005 3190 1187 3253 corol.
1224 3190 1288 3272 4)
1323 3211 1574 3270 semper
1603 3189 1896 3270 quiescet.
2022 3185 2498 3248 Determinandi
2530 3197 2675 3244 sunt

223 3291 410 3373 igitur
452 3305 657 3352 motus
701 3311 1027 3370 corporum
1079 3289 1215 3371 (per
1265 3288 1436 3369 prob.
1474 3287 1625 3370 xxv)
1675 3286 1934 3367 perinde
1985 3306 2057 3345 ac
2109 3285 2160 3344 si
2213 3306 2251 3343 a
2302 3283 2536 3343 viribus
2589 3281 2670 3341 ad

222 3402 503 3450 centrum
534 3387 682 3449 illud
714 3388 1112 3449 tendentibus
1143 3399 1527 3469 urgerentur,
1562 3386 1622 3446 &
1653 3385 2048 3446 habebuntur
2092 3396 2297 3444 motus
2343 3400 2670 3461 corporum

223 3508 294 3548 se
323 3500 540 3549 mutuo
569 3485 964 3548 trahentium.
1057 3486 1130 3561 Q.
1156 3487 1238 3547 E.
1266 3487 1324 3547 I.
