2852 4250
174 123 196 165 1
210 107 293 168 60
987 102 1104 152 DE
1135 102 1214 152 Μ
1211 101 1375 154 OTU
1400 99 1706 152 CORPOR
1718 100 1843 152 ΠΜ

163 294 343 355 prop.
378 291 489 332 XLI
534 291 678 333 cum
723 267 909 332 corol.
946 291 1064 332 suo
1108 268 1169 352 2)
1220 268 1381 330 ratio
1425 265 1891 329 determinandi
1936 287 2197 328 curvam
2225 267 2297 329 A
2320 268 2443 350 Pp
2482 268 2665 334 facile

163 383 442 454 apparet.
539 371 710 431 Tum
760 391 840 431 ex
887 367 1151 452 singulis
1201 368 1453 451 vestigii
1502 366 1752 449 punctis
1798 366 1878 439 P,
1913 365 2220 448 erigendo
2269 366 2353 428 ad
2401 365 2662 449 planum

162 474 232 535 A
263 473 400 535 ΟΡ
429 468 878 554 perpendicula
905 470 971 530 P
1001 469 1065 530 T
1083 467 1437 549 superficiei
1469 488 1679 528 curvae
1711 465 2103 528 occurrentia
2133 466 2196 528 in
2240 467 2309 542 T,
2342 467 2664 532 dabuntur

163 571 414 657 singula
445 570 818 655 tra'jectoriae
849 581 1085 651 puncta
1127 569 1196 630 T.
1293 567 1368 644 Q.
1393 568 1474 630 E.
1497 567 1557 630 J.

1079 853 1521 920 SECTIO
1603 858 1751 921 XI.

399 1065 503 1126 De
528 1070 697 1125 motu
727 1068 1056 1142 corporum
1086 1058 1330 1121 viribus
1357 1060 1711 1142 centripetis
1737 1083 1800 1123 se
1826 1070 2044 1125 mutuo
2056 1065 2424 1145 petentium.

278 1264 611 1326 Hactenus
693 1258 959 1341 exposui
1035 1271 1246 1320 motus
1321 1281 1658 1341 corporum
1733 1275 2144 1326 attractorum
2218 1264 2303 1327 ad
2377 1278 2664 1327 centrum

157 1364 494 1438 immobile,
528 1360 714 1446 quale
744 1374 957 1423 tamen
989 1359 1100 1420 vix
1130 1372 1307 1421 extat
1338 1360 1400 1422 in
1434 1383 1642 1423 rerum
1676 1375 1916 1426 natura.
2012 1363 2450 1428 Attractiones
2494 1365 2665 1428 enim

156 1467 291 1529 fieri
351 1463 558 1527 solent
615 1462 698 1524 ad
758 1482 1055 1542 corpora;
1134 1459 1195 1521 &
1256 1482 1593 1543 corporum
1655 1462 2041 1527 trahentium
2118 1465 2180 1527 &
2253 1479 2664 1530 attractorum
2742 1486 2746 1491 ’

156 1569 437 1631 actiones
489 1585 743 1646 semper
785 1574 1023 1623 mutuae
1068 1574 1218 1623 sunt
1264 1562 1326 1624 &
1374 1562 1670 1646 aequaleS,
1718 1586 1835 1647 per
1886 1563 2097 1649 legem
2150 1565 2444 1629 tertiam:
2498 1567 2664 1630 adeo

155 1683 227 1731 ut
286 1689 493 1750 neque
552 1664 875 1727 attrahens
934 1663 1137 1744 possit
1196 1664 1523 1745 quiescere
1584 1688 1794 1748 neque
1842 1679 2198 1740 attractum,
2249 1667 2303 1729 si
2352 1667 2483 1730 duo
2537 1668 2666 1730 sint

155 1791 435 1851 corpora,
468 1766 581 1828 sed
613 1764 802 1827 ambo
839 1762 977 1847 (per
1006 1762 1219 1847 legum
1267 1764 1664 1828 corollarium
1712 1764 2034 1850 quartum)
2070 1766 2252 1848 quasi
2289 1768 2666 1831 attractione

154 1883 390 1943 mutua,
423 1868 654 1930 circum
685 1864 1016 1948 gravitatis
1062 1878 1348 1926 centrum
1395 1888 1734 1929 commune
1779 1865 2231 1930 revolvantur:
2281 1867 2343 1930 &
2388 1869 2440 1930 si
2486 1867 2668 1951 plura

153 1971 282 2033 sint
333 1989 611 2051 corpora,
660 1987 804 2047 quae
850 1962 952 2026 vel
1013 1965 1095 2026 ab
1141 1966 1329 2029 unico
1374 1968 1791 2043 attrahantur,
1842 1969 1904 2031 &
1950 1969 2120 2031 idem
2167 1969 2505 2045 attrahant,
2561 1969 2665 2033 vel

153 2069 366 2134 omnia
413 2090 484 2131 se
537 2079 757 2128 mutuo
815 2065 1171 2142 attrahant;
1241 2067 1379 2131 haec
1441 2069 1528 2131 ita
1589 2070 1753 2133 inter
1811 2094 1881 2134 se
1942 2071 2186 2133 moveri
2247 2071 2541 2146 debeant,
2597 2085 2669 2134 ut

149 2171 482 2256 gravitatis
522 2180 805 2231 centrum
838 2187 1174 2230 commune
1206 2167 1309 2231 vel
1342 2170 1642 2252 quiescat,
1677 2170 1780 2233 vel
1813 2171 2211 2234 uniformiter
2239 2185 2574 2234 moveatur
2604 2173 2667 2235 in

151 2273 473 2335 directum.
567 2269 717 2350 Qua
760 2267 843 2329 de
885 2288 1076 2328 causa
1118 2269 1255 2351 jam
1298 2292 1498 2354 pergo
1538 2285 1782 2334 motum
1832 2294 2157 2354 exponere
2205 2294 2542 2355 corporum
2597 2295 2668 2337 se

151 2386 371 2436 mutuo
425 2370 825 2441 trahentium,
881 2367 1345 2434 considerando
1398 2373 1567 2435 vires
1628 2374 2013 2455 centripetas
2074 2386 2380 2455 tanquam
2440 2387 2665 2437 attrac-

151 2474 371 2546 tioneS,
449 2470 740 2554 quamvis
815 2468 1100 2542 fortasse,
1178 2471 1230 2531 si
1305 2472 1571 2555 physice
1646 2472 1996 2556 loquamur,
2075 2474 2288 2536 verius
2377 2474 2668 2539 dicantur

153 2571 474 2655 impulsus,
595 2572 670 2632 In
703 2569 1165 2632 mathematicis
1197 2572 1367 2634 enim
1389 2574 1527 2656 jam
1559 2597 1923 2650 versamur;
1974 2574 2035 2638 &
2067 2587 2420 2657 propterea,
2455 2576 2665 2638 missis

153 2672 685 2755 disputationibus
734 2670 1026 2752 physiciS‚
1077 2670 1367 2735 familiari
1417 2675 1653 2737 utimur
1711 2698 2022 2750 sermone,
2075 2697 2205 2758 quo
2248 2676 2571 2758 possimus
2623 2700 2662 2740 a

151 2772 489 2836 lectoribus
521 2770 982 2834 mathematicis
1013 2769 1256 2836 facilius
1289 2774 1570 2860 intelligi.

438 3038 1079 3111 PROPOSITIO
1160 3047 1398 3108 LVII.
1499 3045 2117 3108 THEOREMA
2199 3046 2368 3108 XX.

156 3206 437 3289 Corpora
486 3208 607 3271 duo
663 3234 725 3273 se
779 3214 1036 3279 invicem
1095 3216 1418 3280 trahentia
1475 3215 1843 3289 describunt,
1911 3218 1995 3283 ἐπ’
2051 3216 2289 3278 circum
2347 3239 2665 3280 commune

429 3333 710 3387 centrum
726 3331 1092 3410 gravitatis,
1130 3334 1213 3399 ὣ*
1241 3331 1473 3393 circum
1502 3352 1563 3392 se
1589 3339 1825 3407 mutue,
1839 3330 2107 3414 figuras
2132 3331 2377 3395 similes,

266 3475 435 3539 Sunt
493 3478 662 3541 enim
721 3482 1041 3548 distantiae
1116 3507 1452 3567 corporum
1526 3507 1565 3546 a
1638 3487 1959 3548 communi
2031 3486 2367 3571 gravitatis
2440 3500 2661 3551 centro

149 3576 467 3658 reciproce
519 3583 1021 3661 proportionales
1074 3586 1477 3668 corporibus;
1531 3598 1729 3667 atque
1783 3587 1928 3650 ideo
1981 3587 2045 3650 in
2091 3588 2244 3651 data
2288 3589 2531 3652 ratione
2575 3589 2659 3651 ad

148 3677 436 3754 invicem,
486 3679 549 3742 &
596 3686 1041 3764 componendo
1089 3688 1152 3749 in
1202 3687 1353 3748 data
1401 3686 1646 3748 ratione
1694 3686 1777 3748 ad
1826 3687 2196 3751 distantiam
2242 3701 2443 3751 totam
2489 3689 2655 3752 inter

149 3800 427 3862 corpora.
554 3781 874 3847 Feruntur
931 3799 1146 3850 autem
1206 3786 1308 3848 hae
1368 3785 1687 3848 distantiae
1749 3787 1981 3850 circum
2053 3790 2396 3852 terminum
2469 3811 2655 3852 suum
2840 3783 2852 3836 ’ἶ

2835 3845 2852 3908 1
