2846 4224
117 127 146 167 2
156 125 196 183 4
1041 94 1358 147 AXJOMA
1368 93 1480 157 TA,
1526 92 1709 144 SIVE

119 275 215 338 bit
267 271 462 335 nihil:
512 269 946 332 subducantur
991 264 1132 328 aliae
1173 276 1387 346 partes
1433 261 1595 334 duae,
1646 259 1709 321 &
1755 258 1867 320 fiet
1918 270 2130 320 motus
2182 256 2452 318 duarum
2505 277 2648 339 par·
2754 228 2760 297 Τ

126 377 284 439 tium
345 374 408 435 in
470 371 724 455 plagam
786 366 1194 431 contrariam:
1257 362 1320 425 &
1379 362 1470 423 sic
1528 360 1611 422 de
1671 371 1847 422 motu
1908 357 2188 439 corporis
2246 357 2315 418 B
2371 356 2647 439 partium
2776 352 2782 361 ’

123 498 239 539 sex
291 471 707 536 subducendo
769 482 981 552 partes
1042 462 1538 548 quatuordecim,
1594 459 1749 522 fient
1807 471 2024 541 partes
2077 470 2223 521 octo
2276 458 2340 519 in
2393 455 2649 541 plagam
2688 494 2695 502 ·

126 575 519 651 contrariam.
616 570 811 651 Quod
857 569 909 630 si
955 589 1220 649 corpora
1269 565 1446 626 ibant
1492 561 1575 623 ad
1622 560 1895 623 eandem
1942 557 2215 642 plagam,
2247 558 2318 620 A
2369 557 2651 622 velocius

127 698 271 740 cum
317 674 601 757 partibus
649 669 1143 754 quatuordecim,
1189 665 1251 728 &
1298 665 1365 726 B
1417 662 1657 724 tardius
1711 683 1855 729 cum
1908 660 2193 743 partibus
2242 658 2541 741 quinque,
2590 658 2654 722 &

129 789 275 860 post
334 774 741 837 reflexionem
802 770 1111 853 pergebat
1161 767 1230 827 A

129 899 272 940 cum
305 875 586 958 quinque
631 872 954 955 partibus;
1003 890 1226 952 perge-
1320 874 1358 915 Ε

129 979 240 1041 bat
269 979 335 1039 B
365 998 507 1038 cum
539 972 1032 1057 quatuordecim,
1065 970 1230 1031 facta

133 1075 544 1140 translatione
575 1073 848 1155 partium
882 1092 1114 1133 novem
1147 1070 1229 1131 de
1311 1107 1358 1146 R

135 1178 203 1238 A
265 1177 325 1237 in
379 1176 458 1237 B.
558 1174 648 1235 Et
700 1173 788 1234 sic
843 1172 905 1232 in
953 1169 1223 1252 reliquiS.
1336 1155 1367 1198 S

138 1277 200 1338 A
245 1297 589 1359 congressu
637 1274 699 1335 ἃ
743 1271 1064 1335 collisione
1096 1294 1227 1334 cor-

139 1400 363 1459 porum
454 1397 777 1457 nunquam
869 1372 1232 1434 mutabatur

140 1478 458 1560 quantitas
563 1490 790 1548 motuS,
897 1497 1042 1557 quae
1152 1496 1232 1536 ex

139 1602 389 1641 summa
421 1592 708 1641 motuum
742 1576 1236 1658 conspirantium

143 1681 204 1743 &
249 1681 604 1743 differentia
650 1679 1103 1742 contrariorum
1150 1677 1577 1762 colligebatur.
1708 1677 1880 1739 Nam
1927 1697 2206 1739 errorem
2253 1673 2435 1757 digiti
2467 1673 2657 1735 unius

1354 1215 1426 1316 <¹3

142 1782 204 1844 &
248 1781 504 1844 alterius
547 1783 609 1843 in
655 1780 965 1842 mensuris
1019 1779 1344 1841 tribuerim
1399 1777 1752 1841 difficultati
1804 1778 2155 1862 peragendi
2202 1773 2454 1859 singula
2501 1775 2657 1837 satis
2754 1839 2759 1843 ,

139 1896 444 1945 accurate.
573 1880 847 1945 Difficile
879 1894 1028 1954 erat,
1063 1893 1197 1942 tum
1243 1880 1522 1962 pendula
1567 1878 1751 1942 simul
1785 1880 2122 1942 demittere
2153 1877 2257 1949 sie,
2292 1889 2363 1937 ut
2393 1896 2660 1956 corpora

142 1983 205 2043 in
238 2005 307 2045 se
339 1995 559 2044 mutuo
592 1982 1016 2064 impingerent
1048 1981 1109 2042 in
1142 1980 1281 2045 loco
1314 1983 1532 2045 infimo
1578 1983 1647 2043 A
1671 1983 1769 2054 B,·
1815 1994 1950 2043 turn
1982 1978 2122 2042 loca
2149 2002 2196 2054 S,
2229 1978 2272 2040 k
2303 1989 2539 2050 notare,
2574 1975 2656 2037 ad

141 2105 286 2164 quae
319 2105 582 2164 corpora
613 2082 1043 2144 ascendebant
1073 2096 1219 2163 post
1250 2105 1639 2148 concursum.
1736 2082 1869 2145 Sed
1904 2082 1965 2143 &
2003 2082 2064 2142 in
2099 2079 2251 2162 ipsis
2289 2078 2659 2160 corporibus

142 2181 435 2265 pendulis
497 2181 824 2264 inaequalis
885 2183 1158 2264 partium
1220 2184 1520 2258 densitaS‚
1579 2184 1640 2247 ἃ
1693 2197 1945 2249 textura
1993 2180 2130 2246 aliis
2185 2181 2268 2243 de
2320 2180 2527 2242 causis
2582 2179 2658 2241 ir-

142 2281 460 2366 regularis
494 2305 737 2346 errores
770 2283 1168 2347 inducebant.
1485 2269 1502 2288 ⁸

263 2384 458 2446 Porro
490 2384 714 2465 nequis
746 2383 1000 2466 objiciat
1037 2383 1338 2467 regulam,
1372 2386 1454 2448 ad
1498 2408 1691 2468 quam
1738 2385 2135 2467 probandam
2183 2384 2515 2445 inventum
2561 2394 2660 2445 est

143 2485 262 2547 hoc
322 2485 844 2565 experimentum,
907 2507 1404 2567 praesupponere
1465 2510 1732 2568 corpora
1791 2487 1894 2550 vel
1942 2485 2233 2550 absolute
2278 2484 2439 2546 dura
2497 2505 2656 2557 esse,

142 2584 244 2646 vel
307 2583 530 2646 saltem
591 2585 868 2667 perfecte
928 2584 1200 2659 elastica,
1257 2589 1612 2671 cujusmodi
1673 2586 1845 2652 nulla
1905 2587 2304 2669 reperiuntur
2363 2585 2426 2646 in
2487 2606 2656 2647 com-

145 2685 564 2765 positionibus
640 2684 1069 2761 naturalibus;
1146 2688 1316 2750 addo
1391 2690 1565 2771 quod
1640 2688 2079 2771 experimenta
2129 2687 2266 2770 jam
2340 2684 2660 2767 descripta

145 2784 491 2846 succedunt
537 2786 598 2845 in
646 2786 1013 2866 corporibus
1059 2786 1352 2850 mollibus
1399 2812 1584 2871 aeque
1629 2812 1702 2851 ac
1750 2790 1812 2850 in
1858 2789 2048 2861 duriS,
2084 2788 2379 2849 nimirum
2426 2809 2464 2850 a
2510 2809 2656 2850 con-

145 2884 386 2946 ditione
446 2884 695 2947 duritiei
758 2887 1125 2968 neutiquam
1187 2890 1547 2969 pendentia.
1647 2891 1820 2953 Nam
1881 2891 1934 2952 si
1996 2887 2216 2973 regula
2262 2886 2365 2950 illa
2411 2888 2474 2949 in
2523 2910 2656 2951 cor-

145 2984 404 3065 poribus
451 3006 576 3046 non
624 2985 900 3066 perfecte
946 2987 1120 3049 duris
1167 2991 1473 3053 tentanda
1510 3006 1623 3065 est,
1671 2991 1933 3054 debebit
1962 2988 2366 3053 solummodo
2398 2988 2660 3052 reflexio

147 3086 342 3152 minui
393 3086 454 3151 in
510 3099 679 3148 certa
730 3089 1138 3169 proportione
1191 3114 1307 3172 pro
1359 3095 1713 3175 quantitate
1757 3093 1855 3155 vis
1901 3091 2192 3155 elasticae.
2292 3091 2369 3151 In
2415 3089 2661 3153 theoria
2727 3092 2730 3097 ’
2793 3080 2797 3081 ’

160 3186 432 3253 Wrennz‘
501 3186 562 3253 ἃ.
636 3189 932 3270 fingenii
1001 3212 1266 3272 corpora
1339 3193 1629 3257 absolute
1694 3196 1854 3256 dura
1914 3194 2183 3256 redeunt
2241 3192 2323 3254 ab
2385 3191 2658 3254 invicem

148 3308 291 3347 cum
366 3285 701 3351 velocitate
775 3310 1168 3372 congressus,
1296 3294 1550 3356 Certius
1627 3295 1690 3357 id
1761 3294 2178 3356 affirmabitur
2235 3292 2319 3354 de
2378 3291 2658 3374 perfecte

146 3386 432 3450 elasticiS.
532 3389 606 3455 In
640 3389 1003 3470 imperfecte
1035 3389 1307 3455 elasticis
1338 3394 1641 3458 velocitas
1674 3396 1914 3458 reditus
1960 3394 2306 3456 minuenda
2341 3406 2441 3455 est
2466 3391 2656 3456 simul

146 3510 289 3555 cum
336 3489 399 3549 vi
445 3487 739 3562 elastica;
800 3504 1138 3571 propterea
1182 3495 1354 3575 quod
1401 3496 1499 3557 vis
1546 3494 1664 3569 illa,
1717 3495 1862 3580 (nisi
1907 3495 2015 3557 ubi
2061 3507 2274 3576 partes
2320 3514 2657 3575 corporum

145 3610 225 3656 ex
299 3611 643 3673 congressu
718 3589 1048 3666 laeduntur,
1125 3592 1227 3660 vel
1310 3597 1749 3661 extensionem
1838 3594 2176 3677 aliqualem
2266 3594 2448 3676 quasi
2537 3594 2658 3656 sub

144 3686 372 3755 malleo
403 3688 767 3773 patiuntur,)
803 3705 974 3753 certa
1003 3714 1076 3754 ac
1107 3693 1527 3758 determinata
1556 3697 1638 3759 sit
1687 3695 2020 3779 (quantum
2066 3692 2298 3777 sentio)
2338 3693 2656 3775 faciatque

143 3802 213 3849 ut
264 3802 536 3870 corpora
575 3789 838 3852 redeant
884 3792 965 3852 ab
1020 3794 1289 3857 invicem
1341 3819 1482 3858 cum
1536 3795 1874 3859 velocitate
1924 3794 2202 3867 relativa,
2250 3817 2396 3876 quae
2445 3794 2528 3855 sit
2571 3793 2653 3855 ad

142 3889 468 3956 relativam
530 3888 929 3954 velocitatem
991 3916 1329 3958 concursus
1392 3898 1452 3959 in
1515 3898 1665 3964 data
1725 3899 1982 3963 ratione.
2113 3896 2188 3958 Id
2246 3897 2306 3957 in
2370 3893 2512 3979 pilis
2571 3916 2652 3958 ex
