2846 4224
991 168 994 170 .
1097 135 1334 185 LIBER
1368 137 1676 188 PRIMUS.
2528 166 2558 224 5
2577 169 2596 206 1

25 358 35 424 ,Α
165 348 274 432 VI.)
308 348 403 409 vis
433 347 774 428 centripeta
796 347 1109 428 reciproce
1142 360 1212 408 ut
1235 300 1980 484 Ἥ

880 485 1273 651 ῗὸζᾳκαώ)
1308 537 1620 616 reciproce
1649 550 1719 598 ut
1745 539 1922 598 PM
1938 540 2061 599 cub.
2155 539 2228 614 Q·
2250 540 2330 600 E·
2354 541 2409 602 Ῐ·

1047 591 1227 670 quad.
1292 666 1297 671 ,

279 691 456 753 Idem
485 688 662 751 facile
692 687 999 771 colligitur
1025 689 1213 750 etiam
1244 710 1324 750 ex
1354 689 1777 769 propositione
1806 691 2214 770 praecedente.

1989 398 2001 421 ‚
2028 350 2144 412 hoc
2174 365 2270 413 est
2303 353 2607 436 (neglecta

165 539 402 602 ratione
436 537 847 599 determinata

1220 854 1547 918 Sclzolium.

274 984 363 1045 Et
390 995 758 1065 argumento
787 981 953 1043 haud
985 980 1247 1042 multum
1291 981 1572 1042 dissimili
1616 1003 1839 1063 corpus
1885 983 2233 1045 invenietur
2276 986 2511 1047 moveri
2550 986 2610 1046 in

160 1083 374 1165 ellipsi,
419 1081 521 1144 vel
572 1082 761 1143 etiam
813 1082 875 1142 in
927 1080 1271 1162 hyperbola
1321 1080 1421 1143 vel
1474 1081 1783 1162 parabola,
1829 1083 1893 1143 vi
1941 1084 2295 1163 centripeta,
2343 1106 2485 1165 quae
2530 1086 2610 1146 sit

162 1184 471 1264 reciproce
514 1193 583 1242 ut
626 1181 821 1241 cubus
864 1180 1197 1242 ordinatim
1241 1179 1567 1261 applicatae
1611 1180 1691 1241 ad
1738 1194 2018 1243 centrum
2063 1182 2286 1243 virium
2339 1184 2610 1244 maxime

159 1279 567 1364 longinquum
598 1279 928 1342 tendentis,

548 1512 1177 1575 PROPOSITIO
1235 1512 1371 1574 IX.
1468 1512 2037 1574 PROBLEMA
2098 1514 2224 1575 IV.

165 1666 444 1747 Gyretur
466 1674 682 1747 corpus
702 1666 770 1727 in
791 1664 1023 1746 spirali
1045 1665 1091 1725 P
1105 1664 1166 1743 Q
1179 1665 1224 1727 S
1249 1672 1479 1726 secante
1499 1665 1705 1727 radios
1724 1687 1923 1727 omnes
1945 1665 1990 1726 S
2009 1665 2072 1739 P,
2096 1665 2141 1726 S
2157 1664 2238 1743 Q,
2263 1667 2386 1732 &a
2413 1666 2482 1726 in
2500 1688 2608 1726 au-

216 1766 372 1846 gulo
392 1765 562 1827 dato:
591 1765 944 1846 requiritur
962 1766 1061 1826 lex
1077 1764 1171 1826 vis
1190 1765 1530 1845 centripeta’
1548 1764 1844 1825 tendentis
1865 1764 1954 1825 aa'
1966 1772 2242 1825 centrum
2267 1763 2536 1844 spiratis.

274 1917 478 1979 Detur
526 1915 791 2000 angulus
843 1916 1162 1980 indefinite
1204 1938 1436 1998 parvus
1487 1917 1624 1978 PS
1640 1917 1714 1993 Q,
1764 1916 1824 1978 Sc
1867 1916 1950 1978 ob
2002 1915 2182 1978 datos
2233 1937 2451 1977 omnes
2502 1937 2607 1976 an-

2196 2771 2351 2846 QT

153 2820 332 2904 gulos
368 2822 617 2884 dabitur
650 2823 857 2903 specie
895 2822 1093 2906 figura
1133 2824 1190 2883 S
1192 2825 1329 2884 PR
1340 2823 1396 2898 Q
1420 2824 1486 2885 T.
1583 2824 1758 2907 Ergo
1794 2825 1979 2885 datur
2007 2825 2164 2886 ratio
2195 2857 2355 2950 Q‘R’
2387 2839 2607 2906 estque

135 2958 215 3033 'Q
246 2958 507 3139 23ng
549 3025 619 3074 ut
656 3013 714 3089 Q
746 3013 814 3085 T,
853 3012 971 3075 hoc
1010 3025 1108 3075 est
1147 3011 1252 3095 (ob
1289 3013 1499 3073 datam
1552 3013 1760 3094 specie
1807 3012 2071 3096 figuram
2110 3012 2300 3097 illam)
2350 3026 2419 3089 ut
2456 3014 2513 3074 S
2525 3015 2603 3075 P.

157 3149 440 3224 Mutetur
472 3163 606 3244 jam
650 3176 965 3244 utcunque
1000 3161 1265 3245 angulus
1299 3163 1438 3223 PS
1457 3163 1530 3238 Q,
1562 3162 1622 3224 &
1662 3175 1830 3224 recta
1868 3163 2002 3238 QR
2031 3159 2327 3243 angulum
2364 3175 2606 3223 contac-

153 3271 253 3321 tus
285 3261 487 3336 QPR
515 3261 899 3323 subtendens
929 3262 1269 3322 mutabitur
1315 3260 1452 3344 (per
1486 3260 1716 3323 lemma
1757 3261 1868 3343 x1.)
1922 3260 1983 3321 in
2023 3259 2336 3340 duplicata
2372 3259 2609 3321 ratione

1458 3361 1515 3435 Q
1540 3361 1603 3420 T
1627 3360 1806 3441 quad.

1562 3465 1619 3539 Q
1639 3466 1706 3524 R

1384 3614 1481 3664 est
1516 3615 1586 3663 ut
1625 3603 1681 3663 S
1694 3603 1758 3663 P
1801 3603 1924 3664 cub.
1958 3601 2225 3682 ideoque
2259 3555 2395 3682 (per
2423 3599 2602 3662 corol.

155 3411 344 3493 ipsius
373 3413 509 3474 PR
537 3412 638 3475 vel
671 3414 728 3489 Q
750 3414 818 3475 T.
922 3414 1097 3497 Ergo
1142 3414 1418 3475 manebit

871 3550 928 3625 Q
960 3550 1024 3610 T
1028 3572 1069 3631 q
1090 3570 1130 3610 ><
1155 3550 1211 3610 S
1223 3550 1287 3609 P
1302 3571 1342 3630 q

1036 3654 1095 3729 Q
1113 3654 1181 3713 R

163 3768 211 3811 1.
247 3748 308 3811 8ῑ
341 3767 391 3828 5.
423 3772 596 3832 prop.
630 3751 736 3835 VI.)
769 3753 866 3814 vis
898 3751 1240 3831 centripeta
1269 3763 1366 3811 est
1403 3751 1715 3831 reciproce
1751 3763 1821 3812 ut
1855 3750 2051 3811 cubus
2094 3746 2406 3809 distantiae
2451 3746 2509 3805 S
2522 3745 2600 3805 P.

159 3846 232 3921 Q.
255 3848 335 3908 E.
359 3850 414 3910 I.

1848 3413 2069 3475 eadem
2101 3434 2241 3494 quae
2272 3414 2457 3494 priuS,
2490 3413 2608 3474 hoc

151 3612 248 3663 est
275 3613 344 3663 ut
373 3602 431 3663 S
441 3603 518 3664 P.
611 3602 825 3682 Quare
