2846 4250
1154 113 1394 163 LJBER
1433 111 1770 164 TERTIUS.
2561 132 2592 191 5
2610 136 2629 174 ι
2647 133 2678 191 7

240 280 586 343 Lusitania.
631 290 915 360 quartam
972 276 1103 338 fere
1150 274 1288 338 coeli
1337 288 1577 355 partem
1613 274 1700 358 (id
1749 289 1859 348 est,
1908 267 2140 358 gradus
2187 275 2293 357 45)
2344 297 2680 359 occupasse

241 381 465 441 dicitur
512 378 594 438 ab
625 376 964 438 -occidente
1016 375 1078 434 in
1130 374 1433 434 orientem
1483 372 1818 452 splendore
1877 371 2016 433 cum
2070 373 2295 455 insigni
2346 387 2678 454 protensa3

242 498 356 538 nec
426 489 637 537 tamen
711 487 843 535 tota
900 472 1203 552 apparuit,
1264 471 1466 550 capite
1538 492 1786 550 semper
1844 472 1904 531 in
1964 472 2060 532 his
2103 473 2472 553 ,regionibus
2526 474 2682 534 infra

240 577 624 638 horizontem
682 574 1099 634 delitescente.
1238 569 1341 628 Ex
1414 570 1793 630 incremento
1866 570 2079 630 caudae
2153 570 2214 630 &
2285 570 2679 632 decremento

238 673 587 754 splendoris
635 670 1030 731 manifestum
1082 679 1191 738 est,
1225 667 1394 746 quod
1446 680 1633 746 caput
1675 689 1713 726 a
1762 667 1892 728 sole
1939 668 2205 738 recessit,
2248 668 2429 748 eique
2476 669 2678 748 proxi-

240 795 411 834 mum
457 772 574 832 fuit
619 771 735 830 sub
767 770 956 839 initio,
989 788 1103 846 pro
1151 787 1323 826 more
1371 778 1630 826 cometae
1678 767 1822 826 anni
1880 770 2051 828 1680.
2144 767 2231 826 Et
2282 767 2343 826 in
2392 766 2678 827 chronico

241 870 537 930 Saxonico
587 867 802 928 similis
854 866 1080 947 legitur
1129 876 1372 925 cometa
1421 864 1566 923 anni
1624 869 1797 938 1106,
1851 866 2027 945 cnjus
2074 866 2249 925 stella
2299 872 2436 924 erat
2468 873 2680 945 parva

243 970 325 1034 ὅτ
372 969 622 1028 obscura
673 966 765 1048 (ut
816 963 916 1025 ille
967 963 1112 1023 anni
1173 962 1378 1043 1680)-
1408 962 1515 1022 sea'
1555 963 1838 1041 splendor
1883 964 1996 1043 qni
2047 985 2119 1022 ex
2163 984 2230 1022 ea
2278 963 2463 1022 exivit
2507 963 2682 1022 valde
2718 976 2722 979 “

236 1068 447 1128 clarus
496 1068 577 1131 ἐπ’
622 1065 807 1145 qnasi
846 1064 1056 1143 ingens
1095 1061 1265 1121 trabs
1309 1061 1397 1120 ad
1434 1061 1722 1120 orientem
1784 1062 1865 1125 (ἓ
1909 1061 2249 1141 aquilonem
2296 1061 2577 1132 tendebat,
2611 1074 2680 1120 ut

242 1165 433 1226 habet
476 1163 665 1225 etiam
710 1163 1009 1223 Hevelizcs
1051 1182 1130 1220 ex
1177 1160 1454 1219 Simeone
1493 1159 1900 1220 Dunelmensi
1942 1159 2273 1219 Monacho.
2367 1158 2681 1238 Apparuit

240 1265 414 1324 initio
473 1262 703 1324 mensis
761 1259 1112 1330 Februarii,
1167 1279 1238 1318 ac
1298 1257 1594 1336 deinceps
1643 1257 1802 1316 circa
1859 1277 2203 1335 vesperam,
2253 1256 2333 1315 ad
2393 1277 2677 1316 occasum

237 1361 385 1423 solis
415 1359 774 1421 brumalem.
873 1357 1030 1417 Inde
1078 1377 1229 1416 vero
1262 1354 1323 1415 ἃ
1354 1376 1432 1414 ex
1478 1355 1598 1413 situ
1644 1355 1858 1414 caudae
1906 1353 2211 1435 colligitur
2256 1367 2442 1432 caput
2490 1354 2678 1413 fuisse

237 1459 351 1521 soli
403 1459 692 1519 vicinum.
804 1457 872 1515 A
929 1455 1059 1525 sole,
1111 1453 1312 1532 inquit
1357 1453 1702 1511 stlattlcoens
1751 1452 2141 1524 Parisiensis,
2194 1452 2459 1511 distabat
2506 1454 2686 1530 qnasi

236 1559 431 1619 cubito
477 1579 614 1628 uno,
667 1556 742 1615 ab
797 1554 952 1614 liora
1011 1552 1195 1612 tertia
1253 1548 1508 1632 [rectius
1567 1547 1775 1631 sexta]
1821 1572 2005 1629 usqne
2059 1550 2147 1608 ad
2184 1549 2401 1609 lioram
2458 1571 2681 1608 nonam

237 1658 489 1719 radium
538 1679 611 1717 ex
655 1678 714 1716 se
758 1656 1006 1735 longum
1055 1652 1340 1712 emittens.
1436 1648 1609 1709 Talis
1658 1651 1845 1710 etiam
1898 1663 2029 1710 erat
2073 1650 2538 1710 ardentissimus
2585 1651 2683 1711 ille

238 1768 483 1818 cometa
532 1755 612 1815 ab
662 1753 1001 1814 Aristotele
1048 1749 1393 1828 descriptus
1440 1747 1539 1808 lib.
1600 1769 1645 1808 1.
1701 1749 1961 1808 Meteor.
2010 1753 2063 1818 6,
2112 1748 2287 1827 cnjus
2331 1756 2513 1826 caput
2541 1751 2684 1827 pri-

238 1878 335 1916 mo
383 1855 481 1915 die
520 1875 642 1914 non
680 1858 1046 1931 conspectum
1090 1856 1186 1920 est,
1229 1869 1288 1907 eo
1337 1847 1503 1927 qnod
1538 1855 1682 1906 ante
1726 1848 1904 1906 solem
1947 1848 2044 1906 vel
2080 1847 2292 1906 saltem
2333 1847 2440 1905 snb
2487 1848 2687 1907 radiis

238 1954 541 2015 solaribus
568 1951 876 2020 occidisset,
908 1955 1177 2029 sequente
1205 1968 1341 2006 vero
1383 1946 1481 2004 die
1519 1953 1822 2025 qnantum
1851 1945 2065 2023 potuit
2091 1944 2288 2003 visum
2318 1953 2412 2004 est.
2501 1945 2684 2003 Nam

237 2073 425 2134 quam
478 2051 737 2111 minima
771 2047 935 2128 fieri
965 2054 1167 2126 potest
1207 2045 1508 2105 distantia
1551 2045 1729 2103 solem
1778 2043 2044 2122 reliquit,
2089 2044 2169 2106 ξφ
2212 2063 2351 2101 mox
2399 2043 2678 2103 occubuit.

247 2151 339 2212 Ob
368 2150 634 2210 nimium
668 2147 952 2207 ardorem
999 2143 1246 2228 [caudae
1293 2140 1557 2224 scilicet]
1588 2142 1858 2202 nondum
1893 2141 2224 2220 apparebat
2266 2141 2482 2218 capitis
2508 2149 2679 2219 spar-

238 2272 343 2311 sus
388 2249 565 2330 ignis,
614 2247 719 2308 sed
742 2245 1095 2325 procedente
1145 2250 1405 2321 tempore
1455 2241 1564 2323 (ait
1618 2239 2015 2321 Aristoteles)
2067 2260 2201 2299 cmn
2252 2235 2508 2321 [cauda]
2537 2240 2682 2317 jam

240 2349 446 2409 minus
454 2347 789 2427 flagraret,
824 2344 1061 2405 reddita
1098 2351 1182 2402 est
1209 2337 1455 2424 [capiti]
1484 2347 1716 2399 conzeta’
1754 2361 1866 2399 sua
1894 2338 2103 2416 facies,
2196 2339 2263 2396 E
2264 2346 2291 2396 t
2316 2338 2684 2416 splendorem

239 2469 422 2509 suum
492 2446 582 2506 ad
646 2445 895 2505 tertiam
964 2463 1151 2522 usque
1210 2440 1350 2500 coeli
1394 2446 1647 2518 partem
1705 2436 1798 2520 [id
1874 2451 1982 2508 est,
2044 2437 2123 2496 ad
2184 2434 2351 2518 oog‘]
2409 2437 2681 2498 extendit.

240 2545 577 2625 Apparuit
626 2549 830 2603 antem
871 2548 1131 2620 tempore
1175 2538 1436 2618 hyberno
1495 2534 1618 2617 [an.
1669 2555 1724 2611 4.
1775 2533 2000 2614 olymp.
2060 2531 2204 2615 101]
2255 2535 2334 2598 ὅ
2379 2534 2688 2594 ascendens

240 2666 427 2726 usque
461 2644 550 2704 ad
585 2643 902 2723 cingulum
955 2639 1209 2700 Orionis
1249 2638 1340 2697 ibi
1377 2636 1643 2695 evanuit.
1739 2635 2000 2694 Cometa
2041 2632 2139 2692 ille
2180 2633 2323 2691 anni
2374 2635 2546 2703 1618,
2580 2633 2685 2711 qui

241 2765 278 2804 e
325 2742 511 2815 radiis
556 2739 858 2801 solaribus
903 2736 1375 2798 caudatissimus
1422 2734 1686 2803 emersit,
1732 2730 1939 2792 stellas
1984 2731 2198 2809 primae
2244 2730 2687 2810 magnitudinis

242 2862 492 2922 aequare
521 2838 621 2900 vel
653 2836 839 2918 paulo
870 2856 1162 2915 superare
1206 2833 1550 2902 videbatur,
1585 2830 1695 2890 sed
1750 2830 2012 2909 majores
2057 2849 2397 2907 apparuere
2428 2840 2686 2888 cometae

243 2962 368 3002 non
399 2940 595 3021 pauci,
629 2939 734 3018 qui
773 2936 1001 2997 caudas
1042 2932 1359 2994 breviores
1391 2931 1679 2990 habuere.
1780 2928 2026 2988 Horum
2075 2926 2261 3007 aliqui
2313 2927 2553 3005 Jovem,
2587 2925 2687 2985 alii

245 3039 559 3100 Venerem
589 3035 690 3096 vel
722 3036 909 3096 etiam
939 3032 1149 3093 lunam
1181 3050 1467 3110 aequasse
1498 3027 1837 3087 traduntur.

362 3135 653 3196 Diximus
684 3145 958 3194 cometas
989 3152 1128 3191 esse
1156 3150 1357 3210 genus
1388 3126 1775 3207 planetarum
1808 3124 1868 3182 in
1901 3123 2152 3184 orbibus
2183 3121 2366 3182 valde
2398 3122 2687 3181 eccentri-

244 3235 332 3295 cis
384 3234 545 3294 circa
594 3231 790 3292 solem
842 3228 1315 3290 revolventium.
1440 3226 1528 3285 Et
1581 3222 2110 3304 quemadmodum
2163 3243 2198 3280 e
2249 3219 2511 3299 planetis
2565 3240 2686 3279 non

245 3331 523 3394 caudatis
554 3330 823 3391 minores
847 3349 986 3389 esse
1016 3326 1233 3400 solent,
1269 3325 1374 3405 qui
1408 3325 1468 3383 in
1515 3323 1766 3384 orbibus
1812 3320 2150 3379 minoribus
2197 3318 2256 3377 ἃ
2299 3316 2411 3376 soli
2442 3316 2686 3394 propio-

246 3432 414 3493 ribus
463 3441 778 3511 gyrantur,
829 3427 915 3487 sic
967 3426 1155 3486 etiam
1209 3435 1500 3492 cometaS‚
1551 3421 1656 3500 qui
1710 3421 1770 3479 in
1824 3415 2133 3497 periheliis
2184 3415 2310 3473 suis
2362 3414 2440 3471 ad
2493 3411 2687 3471 solem

246 3531 500 3611 propius
552 3527 869 3597 accedunt,
914 3538 983 3585 ut
1034 3522 1366 3604 plurimum
1420 3520 1689 3579 minores
1741 3538 1894 3586 esse,
1954 3535 2029 3573 ne
2078 3511 2271 3572 solem
2327 3510 2689 3569 attractione

246 3650 360 3688 sua
417 3627 599 3687 nimis
658 3626 912 3707 agitent,
974 3621 1194 3682 rationi
1254 3631 1740 3680 consentaneum
1814 3613 2075 3673 videtur.
2213 3608 2474 3667 Orbium
2539 3629 2689 3667 vero

247 3740 631 3787 transversas
661 3724 997 3783 diametros
1030 3720 1091 3780 &
1121 3716 1575 3778 revolutionum
1600 3727 1881 3792 tempora
1909 3707 2233 3788 periodica,
2260 3728 2338 3765 ex
2368 3703 2691 3765 collatione

248 3836 627 3885 cometarum
676 3821 738 3880 in
787 3819 1006 3879 iisdem
1038 3816 1291 3876 orbibus
1338 3825 1480 3892 post
1523 3810 1711 3891 longa
1755 3821 2102 3886 temporum
2146 3801 2466 3864 intervalla
2514 3804 2685 3862 rede-
