2846 4250
1169 113 1408 162 LIBER
1451 113 1786 186 TERTIUS.
2583 128 2702 189 509

258 289 525 349 vapores
577 268 638 330 &
689 270 1114 335 exhalationes
1173 276 1499 357 omnisque
1546 277 1805 340 materia
1854 273 2120 336 volatilis
2166 276 2375 336 statim
2427 277 2705 338 consumi

254 387 330 426 ac
358 366 646 446 dissipari
677 367 1053 433 debuissent.

368 464 632 526 Cometa
662 465 848 547 igitur
877 468 935 527 in
969 469 1267 548 perihelio
1311 493 1426 532 suo
1468 470 1734 532 calorem
1780 472 2151 539 immensum
2186 472 2267 532 ad
2311 471 2510 533 solem
2556 494 2700 547 con-

254 563 436 643 cepit,
470 562 531 623 &
576 563 841 625 calorem
891 565 1061 626 illum
1108 567 1454 640 diutissime
1505 590 1874 630 conservare
1920 583 2142 649 potest.
2256 569 2424 629 Nam
2469 569 2692 650 globus

255 660 398 722 ferri
463 662 785 723 candentis
844 664 1108 747 digitum
1167 686 1359 749 unum
1419 665 1579 726 latus
1638 665 1904 727 calorem
1958 689 2138 727 suum
2190 689 2440 730 omnem
2492 668 2696 746 spatio

257 759 427 820 horae
472 759 652 819 unius
698 761 759 820 in
811 771 955 823 aere
999 763 1344 823 consistens
1389 764 1496 823 vix
1547 765 1870 825 amitteret.
1963 764 2205 827 Globus
2249 778 2459 826 autem
2508 766 2706 846 major
2776 786 2778 788 ·

259 854 525 917 calorem
599 857 828 918 diutius
903 874 1300 922 conservaret
1359 862 1421 921 in
1480 863 1719 922 ratione
1777 863 2079 938 diametri,
2140 876 2469 943 propterea
2501 879 2504 881 ·
2531 862 2700 942 quod

259 954 615 1034 superficies
651 954 755 1036 (ad
787 958 959 1038 cujus
992 979 1346 1018 mensuram
1377 981 1489 1038 per
1518 973 1870 1021 contactum
1901 962 2060 1022 aeris
2091 962 2419 1022 ambientis
2451 960 2701 1041 refrige-

262 1053 453 1135 ratur)
489 1054 550 1114 in
600 1053 702 1115 illa
749 1058 987 1118 ratione
1036 1058 1239 1145 minor
1274 1071 1380 1119 ‘est
1431 1080 1544 1138 pro
1591 1061 1937 1139 quantitate
1990 1061 2264 1121 materiae
2311 1081 2440 1120 suae
2488 1057 2704 1119 calidae

265 1150 532 1212 inclusae.
630 1153 910 1234 Ideoque
952 1153 1176 1237 globus
1221 1156 1362 1216 ferri
1408 1157 1728 1217 candentis
1774 1158 1914 1217 huic
1959 1171 2138 1218 terrae
2184 1156 2453 1237 aequaliS,
2488 1157 2550 1216 id
2587 1169 2698 1227 est,

267 1251 461 1330 pedes
508 1250 647 1330 plus
699 1253 903 1312 minus
953 1274 1289 1329 4ooooooo
1340 1253 1518 1329 latuS,
1567 1255 1786 1315 diebus
1833 1255 2093 1315 totidem
2143 1255 2204 1314 &
2256 1255 2481 1315 idcirco
2527 1254 2705 1314 annis

272 1367 491 1426 50000,
542 1350 650 1409 vix
697 1350 1138 1432 refrigesceret.
1231 1353 1529 1432 Suspicor
1573 1366 1781 1414 tamen
1827 1353 1996 1433 quod
2048 1353 2292 1414 duratio
2335 1352 2569 1424 caloris
2620 1354 2704 1413 ob

269 1469 487 1508 causas
538 1445 817 1526 latentes,
864 1463 1166 1531 augeatur
1212 1451 1273 1510 in
1322 1452 1560 1511 minore
1612 1452 1849 1511 ratione
1897 1472 2084 1530 quam
2137 1472 2212 1510 ea
2258 1450 2584 1510 diametri:
2652 1450 2713 1510 &

270 1545 535 1631 optarim
569 1546 870 1607 rationem
902 1569 1115 1608 veram
1146 1570 1259 1627 per
1288 1550 1715 1628 experimenta
1746 1548 2123 1628 investigari.

233 1640 245 1649 ’
386 1645 578 1705 Porro
609 1645 951 1705 notandum
984 1660 1080 1706 est
1110 1648 1278 1727 quod
1328 1660 1572 1708 cometa
1616 1667 1830 1707 mense
1874 1646 2204 1716 Decembri,
2237 1646 2342 1705 ubi
2388 1646 2466 1705 ad
2513 1644 2708 1706 solem

271 1743 460 1805 modo
512 1741 859 1814 incaluerat,
893 1745 1154 1805 caudam
1200 1747 1524 1807 emittebat
1566 1744 1753 1826 longe
1799 1746 2095 1825 majorem
2129 1743 2187 1804 &
2227 1743 2728 1823 splendidiorem>

272 1863 460 1922 quam
489 1855 675 1903 antea
706 1864 920 1903 mense
952 1844 1309 1915 Novembri,
1343 1845 1446 1904 ubi
1492 1842 1857 1924 perihelium
1905 1842 2180 1903 nondum
2225 1842 2529 1923 attigerat.
2627 1842 2714 1900 Et

270 1939 701 2001 universaliter
750 1941 964 2001 caudae
1017 1963 1234 2003 omnes
1287 1944 1575 2003 maximae
1608 1942 1668 2002 &
1698 1941 2167 2023 fulgentissimae
2213 1962 2247 2000 e
2292 1941 2548 2001 cometis
2594 1940 2711 2000 ori-

274 2052 461 2100 untur
510 2039 719 2098 statim
772 2052 915 2119 post
966 2042 1292 2102 transitum
1345 2064 1559 2103 eorum
1609 2063 1720 2121 per
1771 2042 2088 2122 regionem
2140 2038 2301 2101 soliS.
2406 2038 2715 2099 Conducit

276 2138 463 2219 igitur
491 2135 807 2199 calefactio
838 2153 1098 2199 cornetae
1130 2141 1210 2200 ad
1257 2141 1750 2222 magnitudinem
1796 2139 2025 2199 caudae.
2122 2138 2209 2198 Et
2253 2137 2396 2197 inde
2428 2135 2717 2216 colligere

276 2236 498 2297 videor
547 2237 716 2316 quod
765 2238 962 2298 cauda
1012 2237 1160 2298 nihil
1208 2238 1375 2298 aliud
1429 2239 1509 2299 sit
1568 2239 1756 2318 quam
1809 2259 2007 2316 vapor
2058 2235 2242 2317 longe
2303 2235 2715 2306 tenuissimus

278 2356 466 2416 quem
497 2349 682 2415 caput
711 2358 821 2397 seu
854 2335 1109 2397 nucleus
1140 2350 1401 2397 cometae
1433 2358 1544 2416 per
1574 2335 1841 2396 calorem
1874 2357 2055 2395 suum
2088 2334 2327 2395 emittit.

392 2434 706 2495 Caeterum
752 2436 833 2496 de
877 2449 1255 2496 cometarum
1302 2436 1514 2496 caudis
1559 2434 1783 2514 triplex
1832 2447 1927 2497 est
1971 2433 2213 2512 opinio;
2261 2453 2366 2491 eas
2397 2429 2497 2491 vel
2535 2431 2721 2511 jubar

276 2555 416 2594 esse
474 2533 620 2594 solis
679 2555 792 2613 per
842 2534 1218 2595 translucida
1275 2546 1654 2594 cometarum
1709 2534 1910 2612 capita
1954 2543 2382 2611 propagatum,
2432 2527 2531 2588 vel
2579 2527 2721 2588 oriri

275 2654 356 2694 ex
396 2632 760 2693 refractione
798 2632 949 2703 lucis
996 2633 1057 2693 in
1102 2654 1435 2714 progressu
1491 2632 1682 2711 ipsius
1727 2654 1764 2691 a
1811 2632 2011 2711 capite
2053 2641 2312 2690 cometae
2358 2629 2418 2687 in
2473 2639 2719 2698 terram,

277 2728 378 2791 vel
409 2730 680 2810 denique
711 2731 939 2792 nubem
972 2753 1110 2792 esse
1140 2752 1250 2791 seu
1282 2752 1580 2809 vaporem
1612 2752 1649 2789 a
1679 2730 1879 2809 capite
1925 2742 2183 2790 cometae
2205 2728 2439 2808 jugiter
2467 2747 2721 2807 surgen-

282 2842 409 2890 tem
442 2828 502 2889 &
532 2829 865 2890 abeuntem
909 2830 969 2890 in
1007 2842 1214 2909 partes
1256 2850 1293 2888 a
1328 2827 1459 2889 sole
1503 2850 1769 2889 aversas,
1864 2827 2095 2906 Opinio
2140 2826 2338 2904 prima
2385 2845 2597 2884 eorum
2630 2837 2726 2882 est

284 2928 391 3008 qui
422 2927 699 2988 nondum
731 2929 947 2989 imbuti
980 2941 1126 2988 sunt
1165 2927 1422 2987 scientia
1467 2949 1670 2987 rerum
1716 2928 2075 3006 opticarum.
2174 2923 2341 2982 Nam
2364 2922 2550 3003 jubar
2580 2919 2726 2981 solis

286 3027 348 3086 in
400 3026 680 3088 cubiculo
731 3029 1063 3089 tenebroso
1115 3047 1239 3087 non
1293 3026 1575 3096 cernitur,
1632 3026 1745 3085 nisi
1796 3037 2101 3105 quatenus
2153 3020 2260 3081 lux
2308 3020 2641 3081 reflectitur
2692 3041 2726 3079 e

232 3167 242 3176 -
290 3122 615 3205 pulverum
677 3125 737 3185 8c
787 3126 1099 3187 fumorum
1149 3123 1463 3205 particulis
1515 3146 1648 3204 ‚per
1717 3134 1923 3183 aerem
1984 3141 2231 3200 semper
2288 3117 2728 3179 volitantibus:

291 3222 557 3302 ideoque
588 3223 647 3282 in
690 3233 833 3284 aere
862 3224 1046 3284 fumis
1078 3223 1478 3284 crassioribus
1529 3222 1754 3282 infecto
1802 3219 2186 3300 splendidius
2231 3230 2326 3278 est
2374 3217 2433 3277 &
2480 3236 2730 3276 sensum

289 3319 507 3380 fortius
537 3319 710 3394 ferit;
758 3321 818 3381 in
856 3332 998 3383 aere
1039 3321 1294 3382 clariore
1335 3322 1581 3381 tenuius
1627 3333 1722 3380 est
1768 3319 1828 3379 &
1868 3319 2095 3400 aegrius
2135 3316 2434 3376 sentitur:
2499 3315 2558 3372 in
2608 3334 2730 3372 coe-

291 3416 364 3477 lis
395 3431 603 3478 autem
634 3419 767 3480 sine
798 3421 1055 3481 materia
1085 3421 1442 3481 reflectente
1490 3417 1722 3478 nullum
1772 3438 1909 3477 esse
1954 3427 2174 3494 potest.
2270 3413 2408 3471 Lux
2450 3431 2573 3470 non
2605 3430 2731 3468 cer-

294 3516 459 3576 nitur
488 3530 794 3596 quatenus
826 3519 887 3578 in
924 3519 1148 3599 jubare
1179 3530 1288 3589 est,
1323 3517 1435 3577 sed
1481 3509 1787 3595 quatenus
1833 3514 1977 3573 inde
2030 3510 2361 3571 reflectitur
2403 3508 2482 3567 ad
2524 3505 2734 3567 oculos

295 3627 553 3678 nostros,
650 3615 819 3676 Nam
849 3618 1008 3678 visio
1040 3637 1163 3677 non
1196 3615 1266 3675 fit
1309 3615 1423 3674 nisi
1457 3635 1569 3692 per
1613 3612 1817 3672 radios
1870 3610 1974 3689 qui
2021 3610 2080 3668 in
2125 3605 2731 3685 oculosimpingunt.

302 3712 662 3793 Requiritur
730 3715 916 3796 igitur
973 3714 1231 3774 materia
1287 3712 1495 3798 aliqua
1553 3710 1875 3771 reflectens
1942 3707 2001 3766 in
2062 3705 2315 3786 regione
2374 3702 2603 3772 caudae,
2659 3721 2737 3760 ne
