2852 4250
1985 0 2042 20 '⁷⁸⁷7
2058 0 2086 22 ’.3
2099 0 2364 51 ’Ῠΐῖῗόῖῖψηῒῖζῗ
2375 0 2422 13 *²¹
2439 0 2446 2 ⁷

196 99 324 176 413
1018 68 1948 149 2923;atznwnzs.sizszuzoeaauns

197 266 416 331 chroni
469 263 740 348 penduli·
781 262 1155 326 Parisiensis
1201 284 1469 326 excessu
1498 261 1686 326 lineae
1729 263 1918 328 unius
1965 262 2028 327 &
2074 267 2157 345 87
2187 267 2463 348 partium
2508 252 2730 353 mille-kf

197 367 499 431 simarum
529 364 729 430 lineae.
826 365 916 427 Et
945 362 1133 427 simili
1164 375 1466 446 computo
1497 362 1691 426 confit
1721 363 1939 427 tabula
1967 375 2263 448 sequens.

1692 684 1902 727 Mensura
1914 687 2082 740 gradus
2098 702 2177 730 um
2179 703 2231 730 us
2248 690 2297 731 in

1875 743 2084 785 meridiem
2070 752 2120 786 ιο.

1887 933 2098 978 ὢαημώι

1909 994 2079 1059 56637

1912 1065 2080 1129 56642

1913 1134 2084 1200 56659

1912 1203 2079 1268 56687

1913 1274 2084 1337 56724

1912 1343 2082 1408 56769

1913 1414 2081 1477 56823

1914 1483 2082 1547 56882

1913 1553 2080 1618 56945

1914 1623 2084 1687 56958

1914 1692 2078 1756 5697Ι

1914 1762 2085 1827 56984

1914 1831 2080 1896 56997

1914 1914 2085 1965 57010

1915 1983 2083 2035 57022

1906 2052 2082 2105 57935

1915 2111 2084 2174 57948

1915 2181 2079 2244 57061

1915 2263 2083 2314 57974

1915 2332 2081 2384 57137

1917 2391 2086 2454 57196

1916 2471 2087 2524 57250

1916 2541 2084 2594 57295

1916 2611 2084 2663 57332

1916 2669 2088 2732 57369

1919 2750 2086 2802 57377

199 3208 399 3268 parva
430 3189 529 3265 sit,
563 3207 634 3252 ut
664 3191 727 3252 in
774 3193 964 3256 rebus
1008 3196 1458 3279 geographicis
1505 3198 1711 3283 figura
1756 3214 1942 3264 terrae
1984 3224 2101 3284 pro
2146 3202 2458 3287 sphaerica
2502 3203 2721 3268 haberi
2772 3199 2778 3243 3

199 3288 403 3368 possit
432 3312 443 3350 :
491 3291 844 3370 praesertim
877 3294 929 3354 si
963 3307 1130 3358 terra
1175 3297 1367 3379 paulo
1398 3299 1659 3364 densior
1687 3303 1770 3366 sit
1800 3325 2025 3366 versus
2071 3302 2333 3386 planum
2379 3306 2721 3388 aequatoris

199 3410 392 3471 quam
424 3411 647 3452 versus
678 3391 877 3473 polos,

313 3489 461 3571 Jam
492 3513 648 3554 vero
679 3497 1028 3558 astronomi
1060 3497 1253 3581 aliqui
1287 3501 1349 3562 in
1382 3501 1766 3586 longinquas
1798 3504 2094 3590 regiones
2124 3507 2207 3569 ad
2238 3507 2722 3572 observationes

201 3593 664 3655 astronomicas
695 3594 1021 3659 faciendas
1067 3600 1243 3662 missi
1289 3602 1714 3668 observarunt
1743 3607 1918 3689 quod
1964 3607 2296 3693 horologia
2340 3608 2723 3674 oscillatoria

197 3693 442 3756 tardius
503 3709 917 3759 moverentur
967 3721 1169 3781 prope
1222 3717 1615 3784 aequatorem
1669 3729 1863 3789 quam
1912 3709 1977 3771 in
2038 3711 2413 3826 regionibus·
2466 3713 2714 3776 nostris,

199 3794 291 3857 Et
341 3796 549 3877 primo
602 3797 863 3879 quidem
930 3800 1010 3864 D.
1065 3802 1304 3864 Rz'clzer
1352 3804 1472 3867 hoc
1531 3807 1902 3872 observavit
1949 3833 2119 3874 anno
2180 3817 2338 3892 1672
2397 3814 2460 3876 in
2514 3813 2721 3876 insula

201 3895 520 3989 Cayennae.
621 3897 795 3960 Nam
841 3899 996 3962 dum
1028 3901 1401 3967 observaret
1447 3909 1781 3972 transitum
1829 3911 2098 3975 fixarum
2143 3935 2262 3997 per
2296 3915 2762 3978 meridianum
