2846 4224
40 390 55 426 τ
93 379 98 383 ’
189 384 327 435 crus
369 372 504 444 BC,
538 371 605 432 >8c
633 371 838 431 'cruris
881 370 1131 432 alterius
1174 372 1344 431 BH
1378 393 1522 433 con-

82 589 86 592 ·
189 568 342 629 riam
373 566 714 646 quaesitam.

83 1620 90 1622 ⁷
184 1558 411 1624 puncta
444 1546 509 1617 C,
534 1547 618 1618 D,
643 1547 707 1606 P
734 1558 1173 1616 transeuntem,
1208 1544 1268 1605 &
1298 1557 1528 1605 rectam

1007 119 1012 122 ’
1111 114 1349 164 LIBER
1380 114 1688 185 PRIMUS.
2521 137 2564 195 ‘3
2573 154 2605 214 5

189 288 379 358 petuo
409 274 615 334 radius
646 271 747 335 ille
782 275 839 334 C
838 274 903 334 P
931 271 1031 334 vel
1066 275 1189 335 CD
1219 274 1279 335 &
1308 274 1522 356 anguli
2134 310 2174 346 Η

189 490 401 551 cursus
437 490 577 530 cum
628 467 802 530 radio
852 467 1189 530 delineabit
1240 470 1523 551 trajecto-

275 665 443 725 Nam
486 664 538 724 si
583 664 644 724 in
690 663 1246 724 constructionibus
1278 663 1522 744 proble-

189 763 368 823 matis
390 761 723 841 superioris
745 759 1001 822 accedat
1022 775 1319 841 punctum
1347 764 1413 822 A
1441 763 1521 823 ad

128 862 134 868 ’
186 872 481 940 punctum
524 859 602 930 B,
635 857 815 919 lineae
865 859 1000 919 CA
1043 859 1104 919 ἃ
1138 860 1271 919 CB
1300 861 1523 921 coinci-

187 958 351 1030 dent,
385 957 445 1018 &
480 955 641 1017 linea
683 957 752 1016 A
779 957 845 1016 B
889 956 949 1016 in
994 955 1213 1017 ultimo
1253 979 1368 1018 suo
1404 958 1525 1018 situ

188 1056 295 1117 fiet
323 1068 584 1137 tangens
603 1056 762 1115 BH
759 1081 784 1125 ‚·
826 1067 1015 1134 atque
1047 1054 1188 1115 ideo
1212 1068 1524 1115 construe·
1605 993 1658 1128 Ml

186 1154 383 1215 tiones
425 1154 507 1214 ibi
551 1154 771 1233 positae
802 1153 1074 1213 evadent
1102 1153 1341 1213 eaedem
1387 1175 1526 1213 cum

185 1252 738 1313 constructionibus
789 1251 888 1312 hic
938 1251 1278 1331 descriptis
1397 1252 1566 1313 De-'

184 1349 435 1411 lineabit
493 1351 679 1432 igitur
734 1349 924 1410 cruris
977 1350 1145 1409 BH
1192 1371 1526 1411 concursus

164 1469 324 1508 -cum
395 1448 568 1509 radio
646 1448 984 1508 sectionem
1066 1447 1342 1507 conicam
1418 1469 1530 1527 per
1601 1487 1648 1527 N

184 1644 343 1703 BH
363 1656 723 1725 tangentem
754 1645 815 1704 in
847 1656 1077 1724 puncto
1110 1643 1189 1704 B.
1263 1643 1520 1717 Q.E.F.

193 1762 200 1791 ··
297 1742 430 1803 ξας.
469 1762 520 1803 2.
590 1742 836 1802 Dentur
892 1754 1120 1822 puncta
1171 1753 1438 1819 quatuor
1484 1741 1564 1812 B,
1631 1740 1695 1811 C,
1756 1740 1841 1811 D,
1901 1740 1966 1799 P
2022 1751 2198 1799 extra
2257 1751 2618 1820 tangentem

181 1838 324 1899 HI
358 1840 490 1900 sita.
580 1840 787 1921 Junge
830 1840 977 1900 bina
1019 1839 1196 1899 lineis
1239 1840 1410 1911 BD,
1448 1839 1506 1900 C
1516 1840 1580 1899 P
1619 1838 2122 1899 concurrentibus
2154 1838 2214 1897 in
2252 1837 2325 1909 G,
2358 1851 2616 1918 tangen-

179 1936 350 2016 tique
400 1938 860 1997 occurrentibus
914 1938 972 1997 in
1026 1938 1112 1997 H
1155 1936 1215 1996 &
1264 1937 1319 1999 J.
1409 1937 1670 1998 Secetur
1720 1949 1983 2017 tangens
2035 1936 2095 1996 in
2147 1937 2236 2007 A,
2288 1936 2371 1995 ita
2421 1948 2490 1995 ut
2539 1935 2620 1995 sit

179 2033 341 2094 HA
390 2034 471 2094 ad
510 2035 558 2093 J
568 2035 660 2108 A,
699 2047 768 2094 ut
810 2047 906 2095 est
949 2032 1373 2115 rectangulum
1410 2036 1526 2095 sub
1563 2034 1768 2095 media
1803 2033 2242 2114 proportionali
2280 2034 2438 2094 inter
2481 2034 2537 2094 C
2560 2034 2619 2094 G

131 2169 134 2172 -
182 2130 244 2191 8ζ
296 2132 435 2191 GP
485 2132 546 2193 81
596 2133 802 2193 media
840 2130 1282 2212 proportionali
1329 2133 1488 2193 inter
1530 2133 1698 2193 BH
1738 2132 1797 2192 ἃ
1842 2133 2019 2203 HD,
2068 2132 2147 2192 ad
2193 2131 2616 2212 rectangulum

179 2231 296 2290 sub
343 2231 549 2291 media
597 2230 1038 2311 proportionali
1091 2232 1250 2291 inter
1293 2233 1446 2292 DG
1491 2232 1557 2293 ·&
1613 2232 1673 2293 G
1700 2233 1765 2291 B
1809 2230 1869 2290 &
1920 2230 2125 2290 media
2175 2229 2614 2310 proportionali

183 2328 344 2389 inter
398 2330 525 2389 PI
579 2329 639 2390 &
688 2330 845 2402 IC,·
903 2329 964 2390 &
1016 2330 1132 2390 erit
1181 2329 1249 2389 A

182 2439 479 2507 punctum
531 2440 866 2488 contactus
984 2426 1152 2486 Nam
1205 2426 1255 2486 si
1330 2458 1374 2494 ρ,

186 2537 369 2585 rectae
398 2526 517 2585 Pl
539 2524 830 2605 parallela
851 2526 938 2585 H
936 2526 1011 2585 X
1041 2526 1255 2605 trajec-

183 2622 401 2683 toriam
431 2636 600 2684 secet
631 2624 692 2683 in
733 2623 977 2703 punctis
1008 2623 1256 2703 quibus-

182 2721 278 2783 vis
320 2722 397 2781 Χ
439 2721 501 2782 &
554 2722 653 2783 Y.-
697 2722 812 2782 erit
855 2721 958 2803 (ex
1003 2720 1253 2801 conicis)

183 2831 476 2899 punctum
528 2820 595 2879 A
653 2820 739 2880 ita
788 2818 1135 2893 locandum,
1191 2832 1258 2878 ut

99 2909 103 2912 ¹
148 2984 150 2986 ,
181 2914 362 2976 fuerit
390 2917 556 2977 HA
590 2917 768 2997 quad.
799 2917 879 2977 ad
909 2917 977 2977 A
1002 2918 1050 2976 J
1070 2916 1250 2996 quad.

184 3011 246 3074 in
275 3014 510 3075 ratione
540 3015 883 3095 composita
911 3036 991 3076 ex
1023 3015 1258 3075 ratione

185 3109 522 3193 tectanguli
584 3110 660 3173 X
660 3114 745 3173 H
748 3110 815 3174 Y
874 3113 955 3174 ad
1019 3126 1255 3173 rectan-

186 3205 400 3288 gulum
447 3210 616 3270 BH
624 3211 709 3282 D,
755 3231 866 3271 seu
918 3208 1256 3291 rectanguli

188 3303 246 3365 C
262 3305 322 3375 G
338 3306 402 3366 P
439 3307 519 3366 ad
551 3305 975 3388 rectangulum
1005 3308 1076 3367 D
1100 3308 1159 3367 G
1176 3308 1254 3378 B,

183 3398 244 3461 ἃ
272 3422 351 3461 ex
380 3403 616 3464 ratione
645 3403 983 3486 rectanguli
1012 3405 1078 3465 B
1094 3406 1260 3464 HD

118 3558 126 3562 ,,
180 3497 261 3559 ad
290 3500 712 3583 rectangulum
755 3504 883 3563 PI
900 3503 965 3564 C.
1061 3503 1328 3563 Invento
1373 3513 1580 3561 autem
1626 3511 1945 3559 contactus
1991 3510 2220 3576 puncto
2263 3497 2351 3568 A,
2385 3496 2607 3557 descri-

180 3594 361 3659 betur
393 3598 738 3679 trajectoria
767 3612 836 3660 ut
865 3600 927 3660 in
957 3621 1101 3660 casu
1132 3600 1348 3681 primo,
1442 3598 1516 3672 Q.
1539 3597 1619 3657 E.
1643 3597 1718 3658 F.

202 3725 207 3729 ·
292 3693 448 3775 Capi
491 3709 700 3760 autem
742 3710 950 3778 potest
978 3710 1274 3779 punctum
1305 3698 1372 3758 A
1407 3693 1509 3757 vel
1541 3695 1700 3755 inter
1727 3705 1955 3774 puncta
1984 3692 2070 3767 H
2091 3692 2151 3754 &
2179 3693 2234 3763 l,
2268 3690 2365 3752 vel
2397 3702 2568 3752 extra
2594 3706 2607 3753 ς

181 3787 241 3850 8ζ
269 3791 525 3870 perinde
555 3794 901 3873 trajectoria
930 3794 1254 3874 dupliciter
1284 3792 1562 3854 describi.
