2852 4250
204 139 327 197 294
1022 118 1140 167 DE
1173 116 1413 170 MOTU
1437 117 1743 169 CORPOR
1756 116 1873 167 ΠΜ

196 285 497 348 laminam
529 283 676 346 ferri
708 282 1113 356 contrahitur,
1142 283 1204 345 ἃ
1236 283 1298 344 in
1329 280 1563 343 lamina
1587 281 1720 343 fere
1751 281 2137 346 terminatur.
2235 282 2410 347 Nam
2439 305 2705 369 corpora

197 386 494 448 ulteriora
526 406 652 447 non
684 397 816 445 tam
847 405 885 445 a
917 394 1215 465 magnete
1245 402 1437 462 quam
1469 402 1509 441 a
1537 378 1773 441 lamina
1802 380 2151 444 trahuntur.
2275 382 2387 445 Ad
2428 386 2704 469 eundem
2797 463 2803 469 ⁶

198 485 459 548 modum
492 484 551 563 si,
576 480 899 564 particulae
944 481 1171 563 fugant
1214 478 1368 541 alias
1414 479 1511 540 sui
1555 479 1811 561 generis
1842 479 2182 560 particulas
2212 481 2331 544 sibi
2362 484 2703 564 proximaS,

198 586 260 647 in
336 582 674 666 particulas
749 595 963 643 autem
1038 580 1409 642 remotiores
1483 578 1786 640 virtutem
1875 578 2112 641 nullam
2193 595 2546 656 exerceant,
2621 605 2705 646 ex

195 683 557 767 hujusmodi
588 679 909 763 particulis
954 690 1418 759 componentur
1462 677 1656 738 fluida
1700 678 2059 769 dequibus
2105 691 2315 741 actum
2362 682 2554 743 estin
2586 682 2706 745 hac

194 784 640 866 propositione.
781 779 975 859 Quod
1050 779 1102 840 si
1178 775 1501 858 particulae
1592 778 1900 860 cujusque
1974 779 2175 841 virtus
2250 780 2312 841 in
2390 780 2703 844 infinitum

193 895 595 965 propagetur,
629 902 790 960 opus
822 880 940 940 erit
971 878 1035 939 vi
1081 878 1302 960 majori
1349 877 1430 938 ad
1478 876 1791 958 aequalem
1838 878 2401 942 condensationem
2448 882 2703 964 majoris

196 981 566 1064 quantitatis
628 978 820 1039 fluidi.
913 977 1056 1038 ‘An
1118 998 1272 1038 vero
1320 976 1515 1037 fluida
1560 974 1818 1038 elastica
1864 999 1945 1039 ex
1990 977 2311 1059 particulis
2357 1001 2427 1042 se
2480 994 2703 1045 mutuo

115 1165 117 1167 ι
192 1081 558 1165 fugantibus
591 1090 898 1150 constent,
934 1077 1204 1158 quaestio
1228 1076 1493 1158 physica
1517 1090 1629 1139 est.
1716 1077 1858 1139 Nos
1882 1079 2337 1159 proprietatem
2363 1080 2701 1144 fluidorum

188 1205 268 1244 ex
342 1179 653 1263 ejusmodi
727 1176 1048 1259 particulis
1109 1177 1533 1239 constantium
1596 1178 2043 1240 mathematice
2103 1178 2699 1255 demonstravimus

188 1293 258 1342 ut
288 1278 681 1362 philosophis
713 1299 933 1340 ansam
966 1278 1364 1358 praebeamus
1396 1278 1816 1359 quaestionem
1849 1277 2018 1340 illam
2051 1280 2377 1343 tractandi.

1118 1517 1555 1579 SECTIO
1634 1518 1773 1582 VI.

561 1675 663 1734 De
691 1681 860 1734 moln
896 1673 978 1737 (ᾖὦ
1010 1671 1353 1733 resistentia
1384 1680 1712 1752 corporum
1727 1672 2326 1754 ficnependnlorum.

415 1906 1053 1970 PROPOSITIO
1124 1906 1422 1968 XXIV.
1541 1906 2155 1969 THEOREMA
2227 1907 2447 1971 XIX.

187 2081 588 2155 Quantitates
662 2080 943 2141 materice
1011 2078 1081 2139 in
1168 2078 1525 2158 corporibus
1578 2077 2055 2160 fnnependnlzs,
2130 2101 2401 2161 qnorum
2486 2086 2699 2141 centra

267 2195 725 2256 oscillationum
755 2217 795 2254 a
825 2202 1030 2255 centro
1072 2194 1487 2274 suspensionis
1530 2194 1859 2275 (equaliter
1893 2193 2151 2268 distant,
2179 2202 2333 2256 sunt
2358 2195 2429 2256 in
2461 2195 2705 2256 ratione

267 2311 594 2391 composita
653 2332 728 2370 ex
784 2308 1029 2369 ratione
1068 2307 1427 2389 ponderum
1506 2309 1589 2373 ἐπ’
1648 2308 1893 2368 ratione
1957 2308 2279 2389 duplicata
2354 2316 2698 2390 temporum

267 2425 722 2486 oscillationum
754 2424 821 2484 in
855 2445 1055 2484 vacuo.

274 2580 445 2640 Nam
507 2578 827 2650 velocitas,
892 2599 1084 2658 quam
1146 2576 1297 2637 data
1361 2577 1455 2637 vis
1530 2577 1591 2637 in
1652 2577 1804 2639 data
1872 2578 2138 2640 materia
2197 2578 2350 2640 dato
2410 2591 2699 2660 tempore

180 2702 487 2762 generare
519 2693 747 2761 potest,
783 2691 881 2739 est
910 2691 980 2738 ut
1011 2678 1109 2739 vis
1143 2677 1203 2738 &
1236 2690 1489 2757 tempus
1521 2677 1776 2750 directe,
1813 2678 1875 2739 &
1906 2678 2170 2740 materia
2202 2679 2466 2742 inverse.
2547 2678 2699 2758 Quo

184 2781 383 2861 major
442 2792 540 2840 est
599 2780 697 2839 vis
758 2776 859 2839 vel
932 2778 1137 2859 majus
1213 2790 1466 2857 tempus
1540 2776 1643 2838 vel
1721 2778 1929 2840 minor
2002 2779 2280 2851 materia,
2343 2800 2422 2841 eo
2497 2780 2699 2861 major

179 2880 586 2962 generabitur
608 2877 927 2940 velocitas.
1014 2877 1089 2936 Id
1115 2877 1287 2957 quod
1311 2898 1428 2957 per
1451 2891 1661 2939 motus
1686 2877 1894 2960 legem
1918 2878 2264 2940 secundam
2290 2878 2694 2940 manifestum

181 2993 294 3041 est.
416 2980 561 3060 Jam
594 3001 748 3040 vero
793 2979 845 3038 si
892 2975 1170 3057 pendula
1216 2976 1503 3058 ejusdem
1550 2978 1678 3038 sint
1722 2977 2152 3061 longitudiniS,
2185 2978 2354 3039 vires
2400 2979 2696 3040 motrices

181 3080 243 3140 in
276 3077 428 3141 locis
460 3101 498 3139 a
528 3075 979 3158 perpendiculo
1011 3075 1340 3156 aequaliter
1368 3076 1750 3139 distantibus
1781 3092 1930 3140 sunt
1961 3091 2030 3139 ut
2059 3078 2347 3159 pondera
2374 3102 2386 3140 :
2420 3078 2694 3160 ideoque

180 3179 233 3240 si
295 3199 561 3258 corpora
620 3177 749 3238 duo
809 3174 1157 3237 oscillando
1217 3176 1580 3237 describant
1639 3199 1821 3239 arcus
1882 3175 2178 3259 aequaleS,
2242 3177 2304 3239 &
2363 3199 2545 3239 arcus
2606 3176 2691 3239 illi

181 3278 550 3340 dividantur
580 3277 641 3337 in
674 3289 888 3357 partes
920 3274 1200 3357 aequales
1225 3298 1237 3347 ;
1276 3297 1418 3336 cum
1450 3290 1741 3356 tempora
1772 3278 2002 3358 quibus
2034 3300 2299 3358 corpora
2329 3277 2693 3339 describant

179 3376 462 3460 singulas
492 3398 750 3438 arcuum
782 3388 995 3456 partes
1027 3376 1597 3456 correspondentes
1643 3377 1771 3438 sint
1807 3390 1878 3439 ut
1908 3391 2198 3459 tempora
2227 3376 2690 3440 oscillationum

179 3491 472 3549 totarum,
535 3488 719 3537 erunt
777 3473 1147 3537 velocitates
1208 3476 1290 3536 ad
1352 3476 1623 3537 invicem
1686 3477 1748 3537 in
1809 3478 2452 3559 correspondentibus
2512 3476 2690 3540 oscil-

178 3576 484 3639 lationum
535 3576 836 3656 partibUS‚
887 3587 957 3635 ut
1004 3576 1173 3637 vires
1234 3575 1530 3637 motrices
1580 3576 1641 3637 &
1690 3589 1825 3638 tota
1876 3575 2339 3639 oscillationum
2399 3589 2722 3658 tempora

177 3679 415 3740 directe
491 3676 553 3738 &
642 3675 1028 3757 quantitates
1117 3675 1398 3736 materiae
1488 3676 1847 3756 reciproce:
1939 3676 2213 3758 ideoque
2302 3676 2688 3758 quantitates

179 3775 459 3838 materiae
520 3789 589 3837 ut
648 3775 816 3837 vires
880 3774 941 3836 &
1000 3772 1459 3836 oscillationum
1521 3787 1810 3856 tempora
1868 3775 2106 3837 directe
2181 3774 2244 3836 &
2316 3772 2686 3837 velocitates

179 3877 510 3958 reciproce.
629 3875 760 3937 Sed
837 3872 1205 3936 velocitates
1296 3874 1612 3954 reciproce
1700 3888 1848 3936 sunt
1937 3888 2007 3936 ut
2094 3887 2398 3956 tempora,
2488 3886 2683 3955 atque

2841 3949 2852 4112 Qu..
2848 3907 2852 3914 .
2848 3831 2852 3865 ..
