2846 4224
1058 93 1438 146 EDITORIS
1464 94 1737 144 PRAEFA
1747 95 1883 146 TIO.
2412 113 2418 118 '
2542 101 2690 162 xxiii

103 314 111 323 .
148 251 170 268 ⁶
218 262 310 325 in
358 259 796 334 secundarios;
842 259 931 320 sic
978 258 1040 320 81
1090 278 1309 320 omnes
1357 257 1631 338 primarii
1682 258 1744 318 in
1796 256 2008 371 solem,
2057 257 2118 318 &
2175 258 2267 320 sol
2311 260 2581 322 vicissim
2627 264 2687 324 in

295 353 593 434 rimarios,
643 374 650 379 '

249 381 292 441 p
366 458 568 539 Igitur
584 454 718 518 sol
701 476 764 516 ιη
788 454 1070 536 planetas
1092 454 1419 515 universos
1441 453 1712 534 gravitat
1736 451 1796 512 &
1818 452 2091 513 universi
2120 453 2184 512 in
2216 453 2428 515 solem.
2523 456 2690 518 Nam

195 537 203 544 ⁶
248 554 595 616 secundarii
625 553 776 614 dum
805 552 1132 633 primarios
1161 572 1308 613 suos
1339 551 1725 621 comitantur,
1759 549 2164 611 revolvuntur
2193 551 2428 613 interea
2466 555 2692 618 circum

248 651 446 714 solem
495 671 622 711 una
678 671 819 711 cum
876 649 1199 730 primariis.
1335 648 1583 709 Eodem
1657 649 1867 727 itaque
1931 661 2315 729 argumento,
2375 651 2693 731 utriusque

247 750 495 832 generis
524 748 793 829 planetae
820 747 1137 830 gravitant
1167 748 1229 807 in
1259 745 1474 820 solem,
1510 747 1570 806 δε
1599 744 1691 806 sol
1724 746 1785 805 in
1818 746 2002 824 ipsos,
2095 747 2512 809 Secundarios
2541 772 2691 812 vero

248 846 530 928 planetas
561 847 623 907 in
653 845 850 908 solem
877 845 1191 927 gravitare
1220 843 1469 904 abunde
1500 844 1753 922 insuper
1791 856 2035 904 constat
2064 865 2143 904 ex
2174 845 2693 926 inaequalitatibus

246 944 596 1018 lunaribus;
657 965 919 1025 quarum
977 942 1503 1010 accuratissimam
1561 940 1881 1013 theoriam,
1942 942 2307 1003 admiranda
2356 946 2694 1026 sagacitate

246 1041 638 1124 patefactam,
663 1043 734 1127 ⁴in
765 1041 949 1102 tertio
979 1040 1163 1122 hujus
1187 1039 1393 1119 operis
1423 1037 1581 1100 libro
1611 1039 1962 1117 expositam
1993 1039 2310 1103 habemus,

358 1138 523 1201 Solis
574 1140 870 1201 virtutem
917 1138 1307 1209 attractivam
1353 1158 1860 1217 quoquoversum
1906 1138 2235 1218 propagari
2280 1139 2361 1198 ad
2406 1137 2692 1221 ingentes

244 1258 444 1317 usque
491 1237 833 1309 distantiaS‚
885 1236 946 1297 &
1005 1257 1147 1296 sese
1200 1235 1549 1295 diffundere
1610 1235 1691 1295 ad
1750 1233 2026 1315 singulas
2079 1236 2451 1317 circumjecti
2510 1240 2692 1317 spatii

242 1347 468 1415 parteS,
500 1334 888 1415 apertissime
920 1332 1123 1414 colligi
1154 1345 1364 1411 potest
1394 1353 1473 1392 ex
1497 1345 1669 1392 motu
1695 1344 2101 1405 cometarum;
2134 1334 2239 1412 qui
2264 1334 2343 1393 ab
2374 1334 2692 1396 immensis

244 1434 582 1498 intervallis
613 1435 872 1516 profecti
904 1435 1186 1495 feruntur
1215 1433 1275 1493 in
1307 1433 1598 1493 viciniam
1629 1431 1795 1506 soliS‚
1831 1432 1891 1492 &
1936 1453 2388 1512 nonnunquam
2419 1434 2578 1494 adeo
2609 1435 2690 1493 ad

245 1534 449 1614 ipsium
493 1534 776 1614 proxime
819 1533 1125 1594 accedunt
1167 1544 1237 1592 ut
1278 1530 1537 1612 globum
1568 1532 1718 1612 ejuS,
1753 1532 1814 1591 in
1846 1531 2159 1611 periheliis
2190 1533 2318 1592 suis
2348 1547 2687 1604 versanteS,

243 1645 485 1694 tantum
517 1653 640 1693 non
686 1632 1048 1714 contingere
1077 1630 1422 1691 videantur.
1550 1630 1799 1691 Horum
1844 1630 2164 1702 theoriam,
2197 1631 2276 1691 ab
2321 1633 2691 1692 astronomis

244 1732 507 1793 antehac
536 1731 762 1792 frustra
791 1731 1136 1811 quaesitam,
1171 1742 1386 1790 nostro
1417 1729 1672 1789 tandem
1702 1728 1932 1789 saeculo
1967 1728 2226 1797 feliciter
2269 1730 2585 1790 inventam
2633 1730 2692 1790 ἃ

243 1851 359 1911 per
433 1831 903 1892 observationes
962 1829 1304 1890 certissime
1362 1828 1854 1888 demonstratam
1907 1828 2425 1906 praestantissimo
2479 1842 2691 1889 nostro

241 1928 476 1989 auctori
507 1927 822 1990 debemus,
947 1928 1128 1987 Patet
1173 1927 1359 2007 igitur
1401 1938 1676 1986 cometas
1723 1926 1784 1985 in
1829 1926 2205 1986 sectionibus
2237 1927 2463 1987 conicis
2494 1928 2691 1987 umbi-

241 2023 392 2087 licos
424 2026 485 2086 in
518 2039 731 2087 centro
762 2025 909 2088 solis
941 2026 1314 2086 habentibus
1347 2024 1600 2095 moveri,
1636 2023 1696 2084 &
1727 2024 1912 2083 radiis
1944 2024 2024 2084 ad
2056 2023 2252 2085 solem
2284 2025 2485 2086 ductis
2516 2047 2691 2086 areas

242 2124 626 2204 temporibus
672 2122 1165 2204 proportionales
1211 2122 1576 2182 describere.
1703 2122 1806 2180 Ex
1852 2122 2021 2183 hisce
2065 2145 2217 2184 vero
2261 2124 2690 2203 phaenomenis

243 2221 640 2282 manifestum
713 2235 810 2282 est
872 2222 933 2282 &
1005 2221 1443 2282 mathematice
1517 2221 1957 2299 comprobatur
2014 2222 2178 2282 vires
2254 2221 2404 2297 illas,
2466 2224 2691 2302 quibus

243 2331 504 2380 cometae
536 2320 881 2380 retinentur
911 2320 972 2379 in
1004 2320 1220 2380 orbitis
1252 2320 1395 2390 suiS‚
1431 2319 1737 2398 respicere
1768 2317 1963 2379 solem
1996 2319 2055 2379 ἃ
2086 2342 2224 2380 esse
2268 2321 2578 2400 reciproce
2622 2335 2692 2382 ut

240 2416 543 2497 quadrata
588 2417 1021 2477 distantiarum
1071 2418 1151 2477 ab
1202 2418 1392 2497 ipsius
1443 2430 1669 2479 centro,
1792 2415 2126 2478 Gravitant
2174 2419 2382 2498 itaque
2430 2434 2689 2480 cometae

245 2515 309 2575 in
355 2512 591 2576 solem:
651 2528 841 2595 atque
900 2515 1060 2576 adeo
1106 2514 1252 2576 solis
1298 2516 1394 2575 vis
1439 2516 1767 2575 attractiva
1811 2537 1935 2576 non
1995 2528 2236 2576 tantum
2294 2517 2374 2576 ad
2435 2539 2694 2597 corpora

74 2621 78 2630 ‘
149 2634 155 2641 ·
242 2611 631 2693 planetarum
677 2614 738 2673 in
783 2614 946 2674 datis
990 2613 1300 2674 distantiis
1347 2614 1407 2674 &
1453 2614 1513 2673 in
1560 2614 1783 2674 eodem
1828 2614 1958 2674 fere
2003 2613 2189 2694 plano
2234 2613 2546 2686 collocata,
2579 2617 2691 2676 sed

239 2711 428 2772 etiam
459 2711 540 2772 ad
572 2725 847 2773 cometas
880 2713 941 2773 in
973 2713 1413 2773 diversissimis
1445 2711 1735 2772 caelorum
1768 2713 2125 2793 regionibus
2158 2712 2218 2773 &
2249 2714 2309 2772 in
2346 2714 2690 2775 diversissi-

242 2809 362 2869 mis
413 2809 722 2870 distantiis
774 2811 1012 2890 positos
1057 2811 1370 2892 pertingit.
1498 2810 1660 2871 Haec
1714 2811 1902 2892 igitur
1947 2823 2043 2871 est
2094 2823 2314 2870 natura
2365 2833 2690 2891 corporum

241 2907 701 2988 gravitantium,
733 2921 803 2968 ut
832 2909 997 2969 vires
1028 2930 1172 2969 suas
1204 2910 1395 2969 edant
1417 2909 1497 2969 ad
1522 2931 1740 2970 omnes
1759 2908 2085 2969 distantias
2110 2908 2171 2967 in
2195 2909 2405 2969 omnia
2434 2931 2693 2989 corpora·

243 3005 635 3087 gravitantia.
749 3007 908 3067 Inde
958 3028 1110 3068 vero
1167 3008 1449 3087 sequitur
1493 3006 1777 3087 planetas
1826 3007 1886 3068 ἃ
1933 3019 2208 3068 cometas
2255 3008 2578 3067 universos
2625 3030 2693 3068 se

245 3115 463 3164 mutuo
494 3104 754 3177 trahere,
789 3104 850 3165 &
895 3105 955 3165 in
1002 3127 1071 3166 se
1115 3118 1333 3167 mutuo
1375 3127 1603 3187 graves
1648 3127 1827 3167 esse:
1875 3106 2043 3186 quod
2075 3105 2262 3165 etiam
2296 3105 2692 3166 confirmatur

245 3224 326 3264 ex
372 3204 837 3283 perturbatione
875 3205 1043 3286 jovis
1092 3205 1154 3265 &
1197 3206 1448 3277 saturni,
1495 3206 1868 3266 astronomis
1927 3226 2050 3265 non
2083 3205 2438 3284 ·incognita,
2495 3204 2555 3264 &
2613 3205 2691 3264 ab

244 3300 592 3362 actionibus
616 3301 838 3363 horum
868 3302 1256 3383 planetarum
1290 3304 1351 3363 in
1382 3325 1451 3364 se
1484 3304 1750 3364 invicem
1795 3303 2089 3375 oriunda;
2136 3303 2285 3382 quin
2318 3303 2378 3362 &
2408 3324 2482 3362 ex
2517 3315 2688 3363 motu

246 3395 351 3460 illo
400 3397 745 3462 lentissimo
795 3402 1099 3482 apsidum,
1150 3402 1257 3482 qui
1305 3424 1495 3482 supra
1541 3415 1920 3463 memoratus
1969 3415 2082 3476 est,
2137 3402 2368 3481 quique
2419 3423 2457 3460 a
2508 3422 2693 3461 causa

244 3495 547 3557 consimili
578 3498 998 3578 proficiscitur.

358 3593 460 3656 Eo
491 3594 745 3656 demum
777 3599 1177 3677 pervenimus
1211 3611 1280 3659 ut
1310 3599 1646 3660 dicendum
1693 3599 1774 3659 sit
1806 3598 1866 3659 ἃ
1896 3611 2122 3659 terram
2156 3597 2216 3658 8ε
2246 3569 2440 3658 solem
2474 3595 2533 3656 81
2565 3617 2691 3655 cor-

247 3710 402 3769 pora
460 3694 673 3754 omnia
731 3694 1021 3771 caelestia,
1083 3718 1226 3777 quae
1285 3696 1483 3758 solem
1536 3698 1922 3768 comitantur,
1975 3717 2043 3756 se
2094 3709 2311 3756 mutuo
2362 3694 2687 3754 attrahere.
