2852 4250
210 157 244 217 3
254 157 335 217 34
1037 139 1153 188 DE
1187 138 1425 189 MOTU
1457 133 1764 188 CORPOR
1777 133 1900 184 ΗΜ

205 319 303 369 θεῖ
333 303 618 368 circellus
651 303 753 367 ille
786 305 848 367 ἃ
871 304 1140 368 altitudo
1172 318 1271 367 est
1306 304 1368 366 G
1386 304 1479 366 H.
1575 301 1676 363 Sit
1706 299 1877 361 enim
1908 299 2280 361 ABNFE
2285 300 2380 362 M
2401 314 2716 367 cataracta
2794 304 2816 375 ἶ·

204 404 307 468 νθ1
339 404 632 468 columna
663 427 847 487 aquae
879 405 1164 467 cadentis
1210 426 1398 466 axem
1444 402 1689 463 habens
1740 398 1908 460 GH
1943 410 2014 459 ut
2058 420 2266 480 supra,
2302 398 2364 461 &
2395 401 2714 484 congelari
2804 426 2816 462 .:

205 505 593 590 intelligatur
635 529 804 588 aqua
848 507 1055 568 omnis
1102 506 1163 567 in
1218 526 1393 578 vase,
1441 516 1572 564 tam
1622 501 1684 562 in

203 607 464 669 circuitu
512 619 843 668 cataractae
890 628 1083 688 quam
1122 627 1314 686 supra
1345 602 1681 675 circellum,
1763 637 1769 694 ξ

204 707 382 789 cujus
458 706 734 767 fluiditas
809 706 891 767 ad
980 705 1529 787 promptissimum
1621 703 1684 764 &
1717 693 1848 793 Α’ῑχ,

203 805 597 868 celerrimum
629 827 813 886 aquae
845 805 1226 867 descensum
1259 826 1386 867 non
1420 804 1680 886 requiri-
1850 797 1857 806 ’

202 920 318 968 tur.
418 906 507 967 Et
537 906 619 966 sit
647 907 714 966 P
734 905 824 965 H
842 905 899 981 Q
947 904 1241 967 columna
1272 927 1457 986 aquae
1490 927 1683 986 supra

200 1004 515 1067 circellum
562 1004 911 1087 congelata,
961 1007 1265 1067 verticem
1313 1006 1556 1067 habens
1602 1007 1693 1067 H

201 1105 262 1166 8ε
293 1103 693 1166 altitudinem
732 1104 891 1168 GH.
990 1105 1079 1166 Et
1104 1105 1275 1188 finge
1300 1119 1680 1168 cataractam

199 1205 436 1265 hancce
483 1204 768 1285 pondere
815 1227 932 1267 suo
978 1218 1114 1266 toto
1161 1206 1406 1284 cadere,
1445 1207 1506 1268 ἃ
1553 1229 1679 1270 non

201 1304 565 1365 incumbere
599 1304 659 1364 in
691 1304 899 1380 PHQ
933 1326 1050 1366 nec
1075 1305 1346 1367 eandem
1372 1329 1678 1388 premere,

198 1403 312 1464 sed
345 1402 540 1465 libere
574 1403 634 1465 ἃ
666 1404 802 1465 sine
832 1403 1120 1466 frictione
1151 1405 1526 1485 praeterlabi,
1563 1408 1680 1469 nisi
2821 1474 2826 1497 ,-

197 1504 361 1566 forte
394 1505 455 1565 in
491 1505 629 1586 ipso
659 1503 884 1587 glaciei
924 1506 1157 1567 vertice
1204 1529 1333 1588 quo
1365 1521 1682 1571 cataracta
1752 1556 1786 1598 C
2822 1579 2826 1582 ,

199 1604 336 1684 ipso
399 1604 669 1665 cadendi
732 1603 911 1666 initio
980 1605 1238 1686 incipiat
1298 1629 1440 1669 esse
1501 1631 1674 1673 cava.
2820 1615 2852 1667 .“

202 1704 291 1765 Εῖ
343 1704 885 1785 quemadmodum
940 1726 1107 1786 aqua
1157 1706 1218 1766 in
1267 1707 1526 1769 circuitu
1582 1724 1914 1777 cataractae
1962 1717 2297 1801 congelata
2341 1722 2411 1782 A
2440 1722 2618 1784 ME
2644 1724 2711 1798 C,
2845 1636 2852 1842 Ι

197 1805 370 1866 BN
385 1806 457 1865 F
465 1806 537 1865 D
582 1826 872 1866 convexa
921 1819 1019 1866 est
1074 1806 1135 1866 in
1187 1808 1521 1887 superficie
1577 1811 1826 1876 interna
1871 1817 1941 1877 A
1967 1818 2157 1892 ME,
2190 1820 2257 1880 B
2278 1821 2454 1883 NF
2488 1846 2711 1887 versus
2825 1879 2829 1891 .

196 1918 575 1967 cataractam
630 1906 982 1978 cadentem,
1031 1907 1121 1967 sic
1175 1908 1366 1968 etiam
1415 1909 1552 1972 haec
1598 1913 1894 1977 columna
1945 1918 2121 1979 PH
2139 1920 2197 1995 Q
2245 1943 2535 1985 convexa
2593 1926 2713 1988 erit
2846 1846 2852 2041 ¹

2825 2047 2852 2095 ÷1

2840 1135 2852 1214 ,ΗΑ

1996 1526 2033 1599 ]ss
2099 1557 2135 1598 P
2171 1558 2209 1596 G
2248 1547 2280 1608 Q
2360 1561 2397 1604 Ε
2638 1561 2672 1598 n

120 2040 123 2042 -
194 2027 415 2066 versus
449 2018 843 2077 cataractem‚
874 2005 934 2066 8ζ
959 2020 1298 2087 propterea
1324 2011 1527 2091 major
1557 2034 1718 2076 cono
1749 2017 1927 2099 cujus
1959 2018 2129 2080 basis
2162 2034 2260 2082 θεῖ
2291 2022 2575 2086 circellus
2609 2024 2710 2088 ille

191 2107 334 2182 PQ
384 2105 444 2167 &
490 2104 758 2167 altitudo
811 2106 982 2179 GH,
1019 2107 1082 2167 id
1130 2122 1242 2181 θεῖ,
1279 2111 1482 2192 major
1527 2113 1714 2176 tertia
1758 2130 1939 2197 parte
1985 2118 2250 2201 cylindri
2283 2123 2510 2202 eadem
2556 2126 2711 2189 base

173 2205 252 2267 ⁶&
305 2204 637 2267 altitudine
683 2206 999 2287 descripti.
1113 2208 1404 2271 Sustinet
1456 2226 1671 2275 autem
1726 2217 2012 2281 circellus
2075 2220 2177 2283 ille
2222 2224 2476 2304 pondus
2523 2226 2710 2310 hujus

189 2303 519 2380 columnae,
557 2306 619 2365 id
653 2319 765 2378 est,
801 2307 1054 2387 pondus
1087 2309 1261 2389 quod
1308 2312 1595 2391 pondere
1642 2318 1783 2378 coni
1831 2340 1943 2380 seu
1978 2322 2181 2384 tertiae
2214 2325 2411 2405 partis
2443 2325 2708 2408 cylindri

190 2402 351 2465 illius
384 2406 587 2487 majus
620 2418 734 2467 est.

309 2506 511 2567 Corol.
567 2508 620 2567 8.
678 2506 938 2568 Pondus
970 2530 1156 2590 aquae
1190 2533 1382 2593 quam
1417 2515 1700 2579 circellus
1734 2518 1924 2582 valde
1955 2543 2193 2602 parvus
2224 2525 2290 2585 P
2314 2526 2372 2601 Q
2419 2527 2707 2601 sustinet,

189 2606 395 2668 minor
426 2628 567 2668 esse
599 2606 853 2668 videtur
883 2610 1169 2689 pondere
1215 2613 1484 2677 duarum
1533 2619 1861 2682 tertiarum
1907 2624 2183 2703 partium
2226 2625 2491 2708 cylindri
2523 2651 2710 2710 aquae

187 2706 364 2787 cujus
418 2706 587 2767 basis
642 2720 741 2768 θεῖ
793 2708 1075 2772 circellus
1124 2711 1226 2775 ille
1282 2714 1343 2776 ἃ
1396 2715 1667 2781 altitudo
1720 2734 1820 2783 est
1870 2722 1954 2783 H
1980 2724 2055 2785 G.
2156 2725 2330 2787 Nam
2390 2729 2707 2791 stantibus

186 2805 319 2886 jam
351 2806 589 2886 positiS,
624 2807 894 2869 describi
945 2810 1332 2896 intelligatur
1376 2817 1711 2882 dimidium
1759 2823 2137 2903 sphaeroidis
2183 2828 2361 2910 cujus
2392 2829 2564 2891 basis
2609 2843 2709 2892 est

194 2904 475 2967 circellus
508 2906 608 2968 ille
642 2908 702 2968 &
733 2910 1032 2972 semiaxis
1065 2913 1201 2975 sive
1233 2914 1503 2980 altitudo
1535 2934 1633 2982 est
1663 2922 1752 2982 H
1772 2923 1846 2985 G.
1946 2924 2037 2986 Et
2090 2926 2227 2990 haec
2259 2927 2463 3012 figura
2493 2953 2704 3013 aequa-

193 3003 269 3065 lis
301 3006 419 3066 erit
448 3006 694 3068 duabus
719 3011 918 3071 tertiis
944 3014 1229 3092 partibus
1254 3016 1521 3098 cylindri
1547 3019 1710 3084 illius
1737 3023 1798 3085 ἃ
1823 3027 2324 3107 comprehendet
2347 3029 2706 3094 columnam

193 3126 378 3186 aquae
425 3106 774 3189 congelatae
820 3112 990 3173 PH
1004 3114 1060 3189 Q
1110 3117 1287 3198 cujus
1334 3120 1587 3199 pondus
1634 3123 1918 3187 circellus
1966 3125 2068 3189 ille
2117 3130 2402 3194 sustinet.
2532 3133 2705 3195 Nam

193 3218 263 3266 ut
323 3219 532 3267 motus
593 3230 779 3289 aquae
837 3211 920 3271 sit
994 3216 1271 3278 maxime
1346 3219 1640 3296 directuS,
1714 3223 2027 3288 columnae
2102 3227 2265 3291 illius
2339 3232 2705 3313 superficies
2808 3235 2811 3237 ’

192 3318 457 3368 externa
501 3323 830 3372 concurret
875 3334 1018 3373 cum
1065 3314 1200 3376 basi
1246 3318 1312 3377 P
1338 3319 1396 3394 Q
1444 3322 1506 3382 in
1546 3323 1782 3407 angulo
1815 3326 2098 3389 nonnihil
2130 3342 2332 3404 acuto,
2367 3345 2705 3413 propterea

191 3407 365 3487 quod
411 3429 579 3489 aqua
623 3410 912 3473 cadendo
957 3428 1267 3494 perpetuo
1313 3420 1699 3486 acceleratur
1752 3425 1814 3487 &
1866 3440 2130 3508 propter
2180 3428 2702 3494 accelerationem

192 3506 264 3568 fit
322 3509 605 3582 tenuior;
683 3509 743 3571 &
804 3533 945 3572 cum
1007 3514 1277 3596 angulus
1345 3518 1447 3582 ille
1515 3523 1597 3585 sit
1670 3538 1845 3588 recto
1919 3528 2127 3591 minor
2199 3530 2336 3592 haec
2411 3530 2704 3595 columna

189 3606 272 3667 ad
322 3607 646 3670 inferiores
693 3610 829 3692 ejus
877 3626 1091 3692 partes
1114 3616 1353 3697 jacebit
1387 3619 1548 3683 intra
1593 3624 1926 3690 dimidium
1958 3630 2350 3711 sphaeroidis.
2449 3634 2701 3697 Eadem

190 3729 345 3770 vero
419 3730 670 3770 sursum
745 3723 929 3772 acuta
1003 3714 1123 3775 erit
1195 3737 1307 3777 seu
1391 3722 1742 3802 cuspidata,
1821 3749 1903 3790 ne
1993 3730 2399 3795 horizontalis
2488 3749 2700 3798 motus

189 3830 374 3890 aquae
447 3809 531 3870 ad
605 3811 909 3873 verticem
985 3814 1361 3895 sphaeroidis
1437 3821 1519 3882 sit
1594 3817 1837 3889 infinite
1912 3829 2192 3894 velocior
2279 3856 2471 3915 quam
2561 3837 2699 3919 ejus

189 3921 399 3970 motus
461 3909 852 3973 horizontem
915 3935 1152 3977 versus
1282 3917 1371 3979 Et
1446 3942 1574 4001 quo
1651 3925 1858 3989 minor
1916 3944 2015 3992 est
2073 3931 2356 3995 circellus
2414 3935 2482 3996 P
2512 3935 2571 4011 Q
2618 3958 2697 3998 θο

2823 2175 2830 2224 l

2817 2318 2823 2325 μ
