2852 4250
251 126 374 204 348
1090 123 1206 173 DE
1240 122 1479 174 MOTU
1513 121 1819 173 coRPOR
1831 122 1955 174 UM

245 291 678 376 ponderandis
728 290 938 375 globis
986 290 1050 351 in
1099 311 1284 371 aqua,
1338 290 1646 351 incertum
1694 310 1837 351 esse
1888 299 2062 370 puto.
2161 288 2448 372 Ideoque
2498 291 2753 373 pondus

243 393 418 478 globi
457 395 518 456 in
551 415 718 475 aqua
748 393 942 454 debet
971 412 1113 453 esse
1157 389 1431 472 plurium
1477 410 1838 472 granorum,
1872 401 1943 450 ut
1973 389 2480 470 experimentum
2511 405 2754 455 certum

250 494 314 556 &
345 494 470 556 fide
501 494 766 577 dignum
799 492 1115 554 reddatur.

361 595 595 675 Exper.
632 614 688 671 4.
745 592 1206 673 Experimenta
1251 589 1558 650 hactenus
1604 588 1924 670 descripta
1968 589 2154 671 coepi,
2187 602 2259 652 ut
2303 591 2755 676 investigarem

248 695 638 758 resistentias
685 693 1038 763 fluidorum,
1087 703 1431 770 antequam
1478 690 1724 752 theoria
1771 691 1834 751 in
1880 691 2420 772 propositionibus
2465 693 2756 774 proxime

247 795 754 877 praecedentibus
829 791 1121 872 exposita
1195 789 1348 850 mihi
1425 777 1864 852 innotesceret.
1996 791 2242 865 Postea,
2305 804 2377 854 ut
2443 793 2755 855 theoriam

247 896 571 956 inventam
601 892 1047 963 examinarem,
1075 889 1294 971 paravi
1320 911 1435 950 vas
1467 888 1749 972 ligneum
1781 888 2115 952 latitudine
2141 892 2388 954 interna
2411 892 2756 975 digitorum

249 994 339 1066 83,
390 993 819 1074 profunditate
879 991 1116 1071 pedum
1179 988 1543 1070 quindecim
1603 1011 1748 1051 cum
1809 990 2054 1053 triente.
2155 992 2412 1054 Deinde
2471 1014 2554 1054 ex
2613 1015 2759 1055 cera

249 1093 310 1154 Sc
370 1091 632 1173 plumbo
694 1090 936 1152 incluso
966 1088 1195 1173 globos
1251 1102 1527 1170 quatuor
1577 1089 1866 1162 formavi,
1923 1089 2208 1173 singulos
2258 1091 2544 1172 pondere
2606 1108 2762 1177 139}
2850 1104 2852 1106 ’

242 1213 585 1275 granorum
647 1191 710 1252 in
771 1213 918 1252 aere
981 1189 1042 1251 &
1108 1207 1179 1273 7}-
1235 1212 1580 1273 granorum
1643 1190 1705 1251 in
1766 1212 1947 1272 aqua.
2071 1191 2162 1252 Et
2220 1192 2338 1254 hos
2398 1192 2626 1254 demisi
2684 1206 2759 1255 ut

244 1305 534 1372 tempora
586 1292 854 1353 cadendi
910 1292 972 1352 in
1029 1313 1197 1372 aqua
1256 1313 1372 1372 per
1430 1289 1796 1372 pendulum,
1851 1291 1935 1352 ad
1988 1293 2426 1355 semi-minuta
2476 1294 2759 1356 secunda

243 1390 551 1464 oscillanS‚
587 1413 1035 1453 mensurarem.
1133 1390 1342 1464 Globi,
1376 1391 1484 1452 ubi
1531 1391 2050 1472 ponderabantur
2080 1392 2142 1454 &
2173 1407 2396 1474 postea
2426 1394 2773 1478 cadebant,

245 1491 456 1574 frigidi
518 1504 699 1553 erant
759 1491 820 1553 &
880 1490 1270 1572 aliquamdiu
1347 1490 1558 1574 frigidi
1631 1505 2029 1567 manserant;
2107 1493 2258 1574 quia
2317 1493 2488 1557 calor
2546 1519 2757 1560 ceram

244 1591 548 1664 rarefacit‚
606 1592 667 1653 &
726 1613 842 1672 per
901 1590 1381 1653 rarefactionem
1435 1592 1730 1653 diminuit
1789 1592 2042 1673 pondus
2102 1591 2277 1675 globi
2339 1594 2399 1655 in
2455 1618 2638 1679 aqua,
2695 1598 2758 1660 &

245 1713 390 1753 cera
466 1692 772 1754 rarefacta
847 1714 974 1753 non
1052 1691 1267 1752 statim
1345 1691 1427 1752 ad
1504 1691 1888 1753 densitatem
1964 1692 2298 1774 pristinam
2371 1716 2488 1776 per
2559 1697 2759 1781 frigus

244 1790 575 1856 reducitur]
694 1793 1067 1874 Antequam
1113 1792 1432 1867 caderent,
1483 1791 2026 1874 immergebantur
2070 1792 2324 1872 penitus
2372 1794 2714 1878 inaquam
2741 1821 2756 1873 ;

244 1914 325 1953 ne
378 1894 662 1974 pondere
715 1894 911 1974 partis
965 1892 1225 1975 alicujus
1279 1914 1359 1953 ex
1413 1913 1581 1973 aqua
1633 1893 1910 1953 extantis
1963 1893 2309 1955 descensus
2363 1917 2583 1958 eorum
2636 1897 2757 1960 sub

243 1992 421 2054 initio
466 1992 933 2056 acceleraretur.
1063 1994 1152 2055 Et
1196 1994 1303 2054 ubi
1358 1993 1611 2074 penitus
1659 1993 1937 2055 immersi
1986 1994 2413 2076 quiescebant,
2461 1996 2754 2061 demitte-

242 2093 474 2153 bantur
526 2116 718 2175 quam
768 2095 1147 2169 cautissime,
1200 2114 1280 2154 ne
1331 2091 1673 2174 impulsum
1723 2093 2000 2183 aliquem
2050 2117 2089 2155 a
2138 2117 2329 2156 manu
2379 2096 2756 2177 demittente

242 2194 614 2275 acciperent.
742 2195 1126 2257 Ceciderunt
1171 2206 1385 2255 autem
1439 2194 1799 2256 successive
1853 2196 2246 2277 temporibus
2293 2197 2755 2262 oscillationum

240 2311 374 2378 473,
431 2298 566 2377 483„
627 2313 707 2373 50
762 2294 823 2355 &
880 2313 975 2373 51,
1031 2294 1464 2356 describentes
1521 2293 1921 2358 altitudinem
1982 2297 2221 2378 pedum
2275 2299 2638 2380 quindecim
2693 2301 2755 2363 &
2815 2373 2820 2378 ,

240 2394 587 2478 digitorum
641 2395 928 2457 duorum.
1025 2395 1159 2457 Sed
1217 2408 1566 2476 tempestas
1619 2397 1754 2479 jam
1806 2396 1997 2478 paulo
2050 2398 2340 2481 frigidior
2379 2413 2515 2462 erat
2561 2423 2754 2483 quam

240 2517 383 2555 cum
442 2493 615 2577 globi
678 2495 1211 2576 ponderabantur,
1270 2497 1544 2579 ideoque
1606 2498 1829 2559 iteravi
1891 2499 2400 2580 experimentum
2453 2499 2578 2563 alio
2630 2502 2751 2576 die,

242 2595 303 2657 8c
353 2594 527 2678 globi
582 2597 946 2658 ceciderunt
998 2599 1392 2679 temporibus
1442 2597 1906 2662 oscillationum
1961 2621 2060 2678 49,
2114 2618 2251 2684 493,
2301 2620 2382 2681 50
2436 2601 2498 2663 85
2550 2621 2645 2682 53,
2679 2625 2755 2665 ac

239 2698 425 2759 tertio
471 2699 863 2779 temporibus
910 2698 1374 2760 oscillationum
1421 2716 1558 2782 493,
1598 2718 1694 2778 50,
1748 2718 1818 2779 51
1876 2700 1937 2762 &
1983 2720 2079 2781 53.
2178 2702 2268 2763 Et
2313 2703 2753 2784 experimento

239 2800 472 2879 saepius
563 2812 764 2880 capto,
841 2798 1015 2882 globi
1107 2799 1472 2861 ceciderunt
1561 2801 1841 2861 maxima
1914 2823 1996 2863 ex
2085 2815 2266 2883 parte
2356 2804 2751 2885 temporibus

240 2897 700 2960 oscillationum
761 2917 881 2982 49}
942 2900 1003 2961 &
1068 2919 1163 2979 50.
1283 2901 1417 2962 Ubi
1479 2901 1721 2963 tardius
1783 2903 2084 2977 cecidere,
2141 2905 2429 2986 suspicor
2487 2906 2750 2967 eosdem

239 3000 591 3062 retardatos
622 3000 816 3061 fuisse
849 3001 1262 3084 impingendo
1295 3002 1356 3062 in
1390 2999 1587 3063 latera
1618 3002 1805 3063 vasis.

352 3100 498 3180 Jam
560 3114 928 3181 computum
988 3124 1103 3182 per
1156 3103 1466 3165 theoriam
1529 3102 1825 3175 ineundo,
1881 3103 2203 3184 prodeunt
2261 3104 2512 3186 pondus
2572 3103 2748 3188 globi
2837 3095 2840 3126 ³

240 3200 302 3261 in
349 3222 553 3262 vacuo
608 3218 760 3284 139}
804 3224 1163 3291 granorum.
1292 3203 1616 3264 Excessus
1664 3203 1851 3286 hujus
1905 3203 2206 3284 ponderis
2252 3227 2444 3286 supra
2496 3206 2750 3287 pondus
2837 3262 2840 3266 .

236 3298 411 3382 globi
474 3300 536 3360 in
596 3321 764 3380 aqua
834 3318 1022 3384 132&
1069 3324 1261 3383 gran.
1378 3302 1713 3363 Diameter
1769 3301 1945 3385 globi
2004 3307 2283 3382 o,99868
2344 3305 2467 3386 dzg.
2582 3305 2750 3368 Octo

237 3400 442 3462 tertiae
503 3413 716 3480 partes
777 3400 1068 3462 diametri
1146 3407 1417 3481 2,66315
1482 3402 1606 3484 dzgr.
1733 3403 2029 3484 Spatium
2109 3425 2139 3464 2
2197 3404 2250 3464 F
2331 3407 2560 3478 2‚8o66
2620 3406 2743 3488 dzgg.

238 3499 534 3580 Spatium
582 3499 755 3580 quod
807 3499 1036 3582 globus
1083 3503 1368 3582 pondere
1421 3520 1491 3586 7}
1542 3525 1903 3585 granorum,
1954 3517 2242 3585 tempore
2288 3506 2513 3567 minuti
2561 3507 2748 3568 unius

236 3600 516 3672 secundi,
550 3600 688 3662 sine
733 3600 1093 3661 resistentia
1138 3602 1428 3664 cadendo
1469 3603 1770 3664 describit
1816 3606 2093 3682 9,88164
2137 3605 2260 3687 dzgr.
2359 3605 2449 3666 Et
2493 3618 2748 3688 tempus
2842 3606 2849 3650 ⁸-

240 3701 303 3763 G
348 3700 729 3780 o'',376843.
845 3699 1093 3762 Globus
1141 3701 1345 3782 igitur,
1380 3700 1717 3765 velocitate
1764 3705 2056 3778 maxima,
2106 3724 2378 3787 quacum
2423 3719 2638 3787 potest
2682 3707 2746 3769 in
2839 3695 2849 3766 i

2842 3587 2846 3597 -
2841 3541 2844 3549 ⁴
2836 3325 2846 3522 x-d-sffl-.
2837 3281 2844 3310 ,Δ

235 3822 405 3882 aqua
448 3800 513 3863 vi
567 3800 867 3882 ponderis
919 3816 989 3883 7}
1039 3821 1383 3884 granorum
1430 3802 1840 3878 descendere,
1889 3817 2178 3887 tempore
2221 3804 2578 3887 0'',376843
2634 3807 2781 3870 de--
2840 3787 2846 3799 ’
