2852 4250
1109 116 1347 165 LIBER
1380 116 1694 168 SECUND
1704 118 1802 167 os.
2554 142 2674 201 247

318 281 477 341 vires
507 280 794 341 absolutae
807 304 834 352 ,·
873 278 1002 340 dico
1041 278 1207 359 quod
1240 278 1400 340 vires
1446 278 1577 340 illae
1620 279 1909 341 absolutae
1951 287 2102 342 sunt
2147 280 2217 343 in
2250 285 2670 363 prograesz'one

304 390 679 472 geometrzka.
1857 394 1863 401 ’

347 567 719 646 Exponatur
759 567 925 627 enim
955 567 1051 627 vis
1079 568 1403 649 gravitatis
1433 589 1546 647 per
1574 567 1785 628 datam
1829 566 2055 628 lineam
2084 544 2152 628 A
2185 569 2241 629 C
2250 595 2276 640 ,·
2318 570 2667 632 resistentia

228 685 341 745 per
381 663 608 725 lineam
667 664 1051 725 indefinitam
1093 665 1164 724 A
1187 664 1269 724 K
1276 690 1302 736 ,·
1342 664 1439 724 vis
1483 663 1768 726 absoluta
1809 665 1870 725 in
1910 666 2213 727 descensu
2255 669 2527 747 corporis
2557 691 2669 748 per

227 762 638 823 differentiam
680 762 762 822 K
779 763 836 822 C
845 788 870 834 ,·
911 761 1208 824 velocitas
1253 762 1526 841 corporis
1572 783 1683 841 per
1724 760 1950 822 lineam
1980 764 2047 822 A
2072 765 2149 835 P,
2183 786 2324 843 quae
2354 765 2434 825 sit
2463 767 2668 826 media

123 912 128 915 ,
226 859 701 941 proportionalis
761 861 919 920 inter
975 861 1043 920 A
1071 861 1151 920 K
1188 859 1249 920 &
1291 860 1359 919 A
1390 860 1455 931 C,
1517 860 1784 939 ideoque
1835 859 1896 919 in
1955 860 2386 941 subduplicata
2429 863 2666 924 ratione

225 958 626 1031 resistentiae;
673 957 1118 1018 incrementum
1164 956 1530 1018 resistentiae
1574 958 1721 1018 data
1765 959 2059 1038 temporis
2101 958 2398 1038 particula
2436 959 2665 1020 factum

226 1077 339 1135 per
379 1055 667 1117 lineolam
709 1056 791 1116 K
802 1057 879 1127 L,
928 1055 988 1116 &
1032 1068 1623 1135 contemporaneum
1668 1055 2012 1116 velocitatis
2065 1057 2509 1117 incrementum
2554 1081 2666 1137 per

223 1152 511 1215 lineolam
542 1155 604 1215 P
624 1154 715 1228 Q:
759 1153 819 1214 &
848 1167 1060 1215 centro
1096 1154 1153 1214 C
1176 1152 1545 1232 asymptotis
1578 1152 1947 1233 rectangulis
1985 1155 2140 1226 CA,
2179 1156 2333 1215 CH
2354 1156 2659 1216 describa-

223 1264 324 1311 tur
366 1251 707 1331 hyperbola
750 1252 989 1331 quaevis
1033 1251 1200 1311 BN
1213 1252 1278 1322 S,
1326 1250 1546 1310 erectis
1591 1250 2046 1329 perpendiculis
2076 1253 2143 1312 A
2168 1254 2246 1323 B,
2292 1254 2372 1313 K
2382 1255 2474 1325 N,
2521 1255 2579 1313 L
2608 1256 2664 1315 O

192 1370 548 1411 ·occurrens
594 1350 654 1410 in
700 1350 777 1421 B,
809 1350 901 1420 Ν,
940 1349 1010 1410 0.
1105 1348 1420 1427 Quoniam
1453 1349 1520 1408 A
1546 1349 1625 1407 K
1662 1360 1758 1408 est
1788 1361 1856 1409 ut
1888 1349 1954 1409 A
1977 1351 2113 1430 Pq,
2147 1351 2262 1411 erit
2306 1351 2487 1432 hujus
2534 1374 2662 1412 mo-

223 1460 501 1508 mentum
531 1449 610 1508 K
625 1448 684 1508 L
719 1460 787 1507 ut
817 1446 975 1507 illius
1006 1468 1281 1507 momen·
1336 1504 1376 1543 Η

222 1558 354 1625 tum
382 1545 695 1620 2APQ:
728 1545 789 1605 id
816 1558 926 1615 est,
952 1556 1021 1604 ut
1046 1544 1192 1603 ΑΡ
1221 1544 1282 1603 in

223 1642 303 1702 Κ
303 1643 378 1715 C,·
408 1664 550 1703 nam
571 1641 916 1704 velocitatis
942 1643 1279 1702 incremen-

221 1751 354 1800 tum
404 1741 468 1800 P
487 1740 544 1815 Q
593 1740 730 1821 (per
790 1753 994 1801 motus
1038 1738 1155 1820 leg.
1207 1738 1276 1818 11)

219 1837 683 1918 proportionale
725 1851 821 1898 est
859 1838 922 1898 vi
958 1836 1281 1919 generanti

218 1937 300 1996 K
316 1936 383 1998 C.
448 1936 876 2015 Componatur
905 1935 1060 1996 ratio
1092 1934 1282 2014 ipsius

220 2033 301 2092 K
311 2034 371 2092 L
419 2053 559 2093 cum
605 2033 840 2093 ratione
874 2032 1063 2111 ipsius
1094 2032 1174 2090 K
1184 2032 1280 2104 N,

223 2130 284 2190 &
307 2130 414 2190 fiet
444 2128 870 2211 rectangulum
895 2131 974 2189 K
974 2130 1033 2189 L
1061 2149 1101 2189 ><
1123 2130 1203 2188 K
1204 2129 1289 2188 N
1894 2204 1900 2206 ξ
1911 2167 1975 2207 ,4
2264 2192 2268 2200 ,

219 2227 1279 2298 utAPxKCxKN,·hocest,
1348 2211 1381 2250 C
1701 2224 1817 2276 ΟΡ
1903 2208 2385 2268 LK¹A5k
2464 2213 2493 2263 ἶ

219 2326 302 2387 ob
332 2326 546 2385 datum
578 2323 1003 2406 rectangulum
1034 2325 1113 2383 K
1131 2325 1187 2385 C
1203 2345 1243 2383 ><
1265 2325 1346 2384 K
1355 2325 1447 2395 N,
1481 2337 1549 2384 ut
1578 2326 1644 2384 A
1670 2326 1747 2386 P.
1833 2325 2032 2404 Atqui
2056 2346 2216 2384 areae
2249 2324 2661 2403 hyperbolicae

218 2423 300 2482 K
309 2423 394 2482 N
411 2423 544 2483 OL
578 2422 658 2482 ad
690 2422 1113 2503 rectangulum
1143 2424 1223 2483 K
1234 2424 1292 2482 L
1320 2443 1359 2482 ><
1383 2423 1462 2482 K
1473 2423 1556 2482 N
1579 2423 1734 2483 ratio
1764 2421 1994 2494 ultima,
2028 2423 2131 2482 ubi
2172 2436 2397 2483 coeunt
2436 2435 2663 2502 puncta

222 2521 386 2581 K&
415 2522 494 2592 L,
540 2534 638 2581 est
681 2520 1067 2601 aequalitatis
1166 2522 1341 2603 Ergo
1380 2544 1524 2582 area
1561 2521 1662 2582 illa
1709 2518 2108 2601 hyperbolica
2147 2541 2527 2580 evanescens
2567 2534 2663 2580 est

220 2631 288 2679 ut
315 2619 384 2678 A
407 2620 484 2679 P.
579 2619 990 2698 Componitur
1048 2619 1234 2701 igitur
1276 2642 1421 2681 area
1463 2633 1595 2681 tota
1638 2617 2038 2700 hyperbolica
2067 2617 2134 2677 A
2161 2618 2225 2677 B
2247 2618 2380 2678 OL
2415 2640 2494 2678 ex
2524 2640 2660 2698 par-

219 2714 418 2777 ticulis
447 2717 528 2776 K
537 2717 623 2776 N
639 2718 695 2777 O
716 2718 775 2777 L
810 2716 1122 2778 velocitati
1155 2719 1222 2778 A
1245 2721 1307 2779 P
1336 2741 1584 2799 semper
1612 2715 2190 2799 proportionalibuS,
2226 2716 2286 2776 &
2330 2730 2660 2796 propterea

218 2814 420 2893 spatio
449 2813 777 2875 velocitate
809 2815 925 2875 ista
955 2815 1265 2897 descripto
1296 2816 1769 2897 proportionalis
1810 2827 1919 2876 est.
2002 2814 2339 2874 Dividatur
2358 2815 2489 2895 jam
2513 2835 2664 2885 ,area

221 2910 322 2972 illa
361 2913 422 2972 in
467 2925 675 2992 partes
726 2912 998 2993 aequales
1043 2915 1110 2974 A
1134 2916 1371 2986 BMI,
1418 2915 1760 2986 IMNK,
1807 2912 2158 2981 KNOL,
2207 2911 2316 2972 &a
2381 2910 2442 2970 &
2499 2911 2662 2971 vires

219 3008 520 3070 absolutae
550 3011 617 3070 A
648 3010 713 3081 C,
759 3012 808 3070 J
825 3012 893 3085 C,
937 3013 1017 3071 K
1040 3013 1103 3084 C,
1150 3014 1209 3072 L
1240 3014 1306 3084 C,
1351 3013 1460 3074 &o
1496 3026 1677 3074 erunt
1708 3014 1768 3072 in
1800 3010 2236 3092 progressione
2265 3009 2656 3089 geometrica.

224 3107 298 3182 Q.
322 3108 401 3168 E.
426 3109 508 3170 D.
619 3108 705 3169 Et
748 3107 928 3169 simili
974 3124 1358 3191 argumento,
1407 3112 1467 3171 in
1526 3132 1785 3171 ascensu
1839 3108 2126 3188 corporiS,
2201 3107 2521 3178 sumendo,
2582 3107 2662 3166 ad

222 3207 590 3267 contrariam
631 3221 870 3287 partem
911 3209 1121 3287 puncti
1153 3208 1240 3279 A,
1274 3206 1546 3287 aequales
1590 3229 1765 3268 areas
1797 3208 1864 3266 A
1891 3208 1956 3266 B
1978 3227 2039 3265 m
2062 3206 2100 3276 τ’,
2146 3204 2254 3264 im
2278 3226 2320 3263 n
2341 3203 2400 3278 k,
2445 3203 2487 3263 k
2506 3226 2547 3263 n
2566 3226 2598 3263 0
2620 3205 2663 3278 l,

224 3303 333 3363 &o
362 3305 669 3365 constabit
698 3306 867 3385 quod
891 3307 1054 3367 vires
1085 3304 1386 3367 absolutae
1409 3306 1476 3365 A
1507 3305 1573 3376 C,
1606 3306 1635 3365 τ’
1655 3306 1718 3376 C,
1749 3305 1792 3364 k
1814 3305 1880 3376 C,
1913 3306 1944 3365 l
1961 3304 2026 3375 C,
2061 3303 2170 3364 &a
2199 3316 2344 3363 sunt
2374 3302 2662 3363 continue

221 3401 728 3481 proportionales
826 3404 1106 3485 Ideoque
1136 3405 1187 3464 si
1218 3404 1420 3484 spatia
1448 3404 1657 3465 omnia
1688 3404 1748 3463 in
1779 3424 2038 3463 ascensu
2073 3401 2133 3461 &
2162 3401 2465 3461 descensu
2497 3399 2659 3478 capi-

221 3512 404 3560 antur
445 3500 742 3581 aequalia;
786 3523 1004 3563 omnes
1047 3503 1212 3564 vires
1256 3501 1558 3564 absolutae
1602 3503 1634 3563 l
1656 3502 1722 3573 C,
1767 3501 1899 3575 kC‚
1947 3500 1976 3560 τ’
1998 3500 2064 3571 C,
2109 3499 2177 3558 A
2208 3498 2273 3570 C,
2318 3498 2367 3556 l
2387 3497 2452 3569 C,
2493 3497 2574 3555 K
2594 3495 2659 3567 C,

223 3598 282 3657 L
314 3598 379 3670 C,
414 3598 522 3659 &o
559 3613 740 3660 erunt
769 3601 1059 3661 continue
1089 3599 1593 3680 proportionales
1689 3599 1761 3673 Q.
1790 3599 1870 3658 E.
1899 3585 1984 3658 D.

342 3697 536 3759 Corol.
596 3718 640 3760 1.
693 3697 862 3758 Hinc
893 3700 944 3759 si
974 3700 1244 3778 spatium
1275 3699 1653 3778 descriptum
1684 3707 2031 3775 exponatur
2060 3715 2171 3773 per
2200 3712 2407 3752 aream
2439 3690 2658 3768 hyper—

223 3790 486 3854 bolicam
527 3795 594 3854 A
622 3796 687 3856 B
708 3796 792 3855 N
808 3796 886 3856 K
887 3822 911 3867 ,·
954 3789 1181 3877 exponi
1224 3809 1488 3876 possunt
1531 3797 1626 3857 vis
1665 3793 2004 3876 gravitatiS,
2052 3788 2346 3851 velocitas
2391 3787 2664 3867 corporis
