<?xml version="1.0" encoding="UTF-8"?>
<!DOCTYPE html PUBLIC "-//W3C//DTD XHTML 1.0 Transitional//EN"
    "http://www.w3.org/TR/xhtml1/DTD/xhtml1-transitional.dtd">
<html xmlns="http://www.w3.org/1999/xhtml" xml:lang="en" lang="en">
 <head>
  <title>
</title>
<meta http-equiv="Content-Type" content="text/html;charset=utf-8" />
  <meta name='ocr-system' content='tesseract 3.04.00' />
  <meta name='ocr-capabilities' content='ocr_page ocr_carea ocr_par ocr_line ocrx_word'/>
</head>
<body>
  <div class='ocr_page' id='page_1' title='image "./principia00newtuoft/principia00newtuoft_0480.png"; bbox 0 0 2852 4250; ppageno 0'>
   <div class='ocr_carea' id='block_1_1' title="bbox 2718 0 2852 4250">
    <p class='ocr_par' dir='ltr' id='par_1_1' title="bbox 2718 0 2852 4250">
     <span class='ocr_line' id='line_1_1' title="bbox 2718 0 2852 4250; baseline 0 0"><span class='ocrx_word' id='word_1_1' title='bbox 2718 0 2852 4250; x_wconf 95' lang='lat' dir='ltr'><strong>    </strong></span> 
     </span>
    </p>
   </div>
   <div class='ocr_carea' id='block_1_2' title="bbox 183 0 2765 285">
    <p class='ocr_par' dir='ltr' id='par_1_2' title="bbox 183 0 2765 285">
     <span class='ocr_line' id='line_1_2' title="bbox 183 0 2765 285; baseline -0.008 -59"><span class='ocrx_word' id='word_1_2' title='bbox 183 159 309 237; x_wconf 85' lang='lat'><strong>438</strong></span> <span class='ocrx_word' id='word_1_3' title='bbox 953 166 1072 216; x_wconf 83' lang='lat' dir='ltr'><strong>DE</strong></span> <span class='ocrx_word' id='word_1_4' title='bbox 1107 166 1394 218; x_wconf 76' lang='lat' dir='ltr'><em>MUNDJ</em></span> <span class='ocrx_word' id='word_1_5' title='bbox 1418 164 1780 218; x_wconf 81' lang='lat' dir='ltr'><em>SYSTEMA</em></span> <span class='ocrx_word' id='word_1_6' title='bbox 1789 165 1888 216; x_wconf 83' lang='lat' dir='ltr'><strong>TE</strong></span> <span class='ocrx_word' id='word_1_7' title='bbox 2652 0 2765 285; x_wconf 48' lang='grc' dir='ltr'>ἶ</span> 
     </span>
    </p>
   </div>
   <div class='ocr_carea' id='block_1_3' title="bbox 177 330 2784 1135">
    <p class='ocr_par' dir='ltr' id='par_1_3' title="bbox 177 330 2784 1135">
     <span class='ocr_line' id='line_1_3' title="bbox 186 330 2767 417; baseline 0.005 -29"><span class='ocrx_word' id='word_1_8' title='bbox 186 341 375 391; x_wconf 84' lang='lat' dir='ltr'><strong>rectae</strong></span> <span class='ocrx_word' id='word_1_9' title='bbox 407 330 467 392; x_wconf 87' lang='lat' dir='ltr'><em>S</em></span> <span class='ocrx_word' id='word_1_10' title='bbox 492 331 558 394; x_wconf 89' lang='lat' dir='ltr'><em>T</em></span> <span class='ocrx_word' id='word_1_11' title='bbox 575 354 615 395; x_wconf 90' lang='lat' dir='ltr'>a</span> <span class='ocrx_word' id='word_1_12' title='bbox 644 346 814 397; x_wconf 85' lang='lat' dir='ltr'><strong>terra</strong></span> <span class='ocrx_word' id='word_1_13' title='bbox 842 334 926 397; x_wconf 89' lang='lat' dir='ltr'><strong>ad</strong></span> <span class='ocrx_word' id='word_1_14' title='bbox 957 332 1158 398; x_wconf 92' lang='lat' dir='ltr'><strong>solem</strong></span> <span class='ocrx_word' id='word_1_15' title='bbox 1191 334 1402 397; x_wconf 84' lang='lat' dir='ltr'><strong>ductae</strong></span> <span class='ocrx_word' id='word_1_16' title='bbox 1433 330 1802 416; x_wconf 84' lang='lat' dir='ltr'><strong>parallelam</strong></span> <span class='ocrx_word' id='word_1_17' title='bbox 1834 330 2119 397; x_wconf 86' lang='lat' dir='ltr'><strong>trahitur.</strong></span> <span class='ocrx_word' id='word_1_18' title='bbox 2188 332 2308 396; x_wconf 91' lang='lat' dir='ltr'><strong>Vis</strong></span> <span class='ocrx_word' id='word_1_19' title='bbox 2338 333 2591 417; x_wconf 91' lang='lat' dir='ltr'><strong>priorL</strong></span> <span class='ocrx_word' id='word_1_20' title='bbox 2614 336 2713 399; x_wconf 90' lang='lat' dir='ltr'><em>M</em></span> <span class='ocrx_word' id='word_1_21' title='bbox 2746 335 2767 378; x_wconf 53' lang='lat'>⁴</span> 
     </span>
     <span class='ocr_line' id='line_1_4' title="bbox 180 428 2699 518; baseline 0.004 -29"><span class='ocrx_word' id='word_1_22' title='bbox 180 428 316 512; x_wconf 86' lang='lat' dir='ltr'><strong>agit</strong></span> <span class='ocrx_word' id='word_1_23' title='bbox 366 433 720 496; x_wconf 92' lang='lat' dir='ltr'><strong>secundum</strong></span> <span class='ocrx_word' id='word_1_24' title='bbox 772 433 1035 517; x_wconf 87' lang='lat' dir='ltr'><strong>planum</strong></span> <span class='ocrx_word' id='word_1_25' title='bbox 1087 435 1259 498; x_wconf 91' lang='lat' dir='ltr'><strong>orbis</strong></span> <span class='ocrx_word' id='word_1_26' title='bbox 1311 434 1567 508; x_wconf 79' lang='lat' dir='ltr'><strong>lunariS,</strong></span> <span class='ocrx_word' id='word_1_27' title='bbox 1617 432 1680 495; x_wconf 85' lang='lat'>&amp;</span> <span class='ocrx_word' id='word_1_28' title='bbox 1731 445 2075 516; x_wconf 85' lang='lat' dir='ltr'><strong>propterea</strong></span> <span class='ocrx_word' id='word_1_29' title='bbox 2132 433 2328 497; x_wconf 91' lang='lat' dir='ltr'><strong>situm</strong></span> <span class='ocrx_word' id='word_1_30' title='bbox 2388 433 2562 518; x_wconf 88' lang='lat' dir='ltr'><strong>plani</strong></span> <span class='ocrx_word' id='word_1_31' title='bbox 2611 434 2699 500; x_wconf 91' lang='lat' dir='ltr'><strong>nil</strong></span> 
     </span>
     <span class='ocr_line' id='line_1_5' title="bbox 182 519 2768 619; baseline 0.005 -31"><span class='ocrx_word' id='word_1_32' title='bbox 182 541 402 595; x_wconf 84' lang='lat' dir='ltr'><strong>mutat.</strong></span> <span class='ocrx_word' id='word_1_33' title='bbox 496 532 692 597; x_wconf 79' lang='lat' dir='ltr'><strong>,Haec</strong></span> <span class='ocrx_word' id='word_1_34' title='bbox 725 534 918 617; x_wconf 87' lang='lat' dir='ltr'><strong>igitur</strong></span> <span class='ocrx_word' id='word_1_35' title='bbox 948 533 1336 619; x_wconf 84' lang='lat' dir='ltr'><strong>negligenda</strong></span> <span class='ocrx_word' id='word_1_36' title='bbox 1366 546 1481 597; x_wconf 89' lang='lat' dir='ltr'><strong>est.</strong></span> <span class='ocrx_word' id='word_1_37' title='bbox 1576 533 1697 596; x_wconf 91' lang='lat' dir='ltr'><strong>Vis</strong></span> <span class='ocrx_word' id='word_1_38' title='bbox 1729 533 2045 616; x_wconf 88' lang='lat' dir='ltr'>posterior</span> <span class='ocrx_word' id='word_1_39' title='bbox 2071 535 2170 596; x_wconf 91' lang='lat' dir='ltr'><em>M</em></span> <span class='ocrx_word' id='word_1_40' title='bbox 2194 535 2261 597; x_wconf 90' lang='lat' dir='ltr'><em>T</em></span> <span class='ocrx_word' id='word_1_41' title='bbox 2279 557 2408 618; x_wconf 88' lang='lat' dir='ltr'><strong>qua</strong></span> <span class='ocrx_word' id='word_1_42' title='bbox 2436 535 2701 619; x_wconf 91' lang='lat' dir='ltr'><strong>planum</strong></span> <span class='ocrx_word' id='word_1_43' title='bbox 2763 519 2768 586; x_wconf 65' lang='grc' dir='ltr'><em>Ῐ</em></span> 
     </span>
     <span class='ocr_line' id='line_1_6' title="bbox 182 630 2766 718; baseline 0.005 -27"><span class='ocrx_word' id='word_1_44' title='bbox 182 630 353 693; x_wconf 90' lang='lat' dir='ltr'><strong>orbis</strong></span> <span class='ocrx_word' id='word_1_45' title='bbox 384 630 620 697; x_wconf 87' lang='lat' dir='ltr'><strong>lunaris</strong></span> <span class='ocrx_word' id='word_1_46' title='bbox 652 636 1060 718; x_wconf 84' lang='lat' dir='ltr'><strong>perturbatur</strong></span> <span class='ocrx_word' id='word_1_47' title='bbox 1095 634 1323 698; x_wconf 87' lang='lat' dir='ltr'><strong>eadem</strong></span> <span class='ocrx_word' id='word_1_48' title='bbox 1356 646 1456 697; x_wconf 90' lang='lat' dir='ltr'><strong>est</strong></span> <span class='ocrx_word' id='word_1_49' title='bbox 1485 655 1631 697; x_wconf 89' lang='lat' dir='ltr'><strong>cum</strong></span> <span class='ocrx_word' id='word_1_50' title='bbox 1661 634 1727 696; x_wconf 88' lang='lat' dir='ltr'><strong>vi</strong></span> <span class='ocrx_word' id='word_1_51' title='bbox 1777 655 1812 715; x_wconf 91' lang='lat'>3</span> <span class='ocrx_word' id='word_1_52' title='bbox 1834 635 2004 697; x_wconf 90' lang='lat' dir='ltr'><strong>PK</strong></span> <span class='ocrx_word' id='word_1_53' title='bbox 2018 633 2122 699; x_wconf 92' lang='lat' dir='ltr'><strong>vel</strong></span> <span class='ocrx_word' id='word_1_54' title='bbox 2157 657 2192 716; x_wconf 88' lang='lat'>3</span> <span class='ocrx_word' id='word_1_55' title='bbox 2213 637 2265 698; x_wconf 94' lang='lat' dir='ltr'><em>I</em></span> <span class='ocrx_word' id='word_1_56' title='bbox 2286 637 2356 703; x_wconf 88' lang='lat' dir='ltr'><strong>T.</strong></span> <span class='ocrx_word' id='word_1_57' title='bbox 2451 638 2543 701; x_wconf 93' lang='lat' dir='ltr'><strong>Et</strong></span> <span class='ocrx_word' id='word_1_58' title='bbox 2564 637 2704 703; x_wconf 85' lang='lat' dir='ltr'><strong>haec</strong></span> <span class='ocrx_word' id='word_1_59' title='bbox 2763 638 2766 642; x_wconf 74' lang='grc'><strong><em>’</em></strong></span> 
     </span>
     <span class='ocr_line' id='line_1_7' title="bbox 179 730 2699 821; baseline 0.003 -28"><span class='ocrx_word' id='word_1_60' title='bbox 179 730 278 794; x_wconf 93' lang='lat' dir='ltr'><strong>vis</strong></span> <span class='ocrx_word' id='word_1_61' title='bbox 315 731 455 815; x_wconf 92' lang='lat' dir='ltr'><strong>(per</strong></span> <span class='ocrx_word' id='word_1_62' title='bbox 482 756 659 817; x_wconf 90' lang='lat' dir='ltr'><strong>prop.</strong></span> <span class='ocrx_word' id='word_1_63' title='bbox 708 733 869 819; x_wconf 85' lang='lat' dir='ltr'><strong>xxv)</strong></span> <span class='ocrx_word' id='word_1_64' title='bbox 904 749 1004 799; x_wconf 92' lang='lat' dir='ltr'><strong>est</strong></span> <span class='ocrx_word' id='word_1_65' title='bbox 1033 735 1117 798; x_wconf 86' lang='lat' dir='ltr'><strong>ad</strong></span> <span class='ocrx_word' id='word_1_66' title='bbox 1148 735 1282 797; x_wconf 91' lang='lat' dir='ltr'><strong>vim</strong></span> <span class='ocrx_word' id='word_1_67' title='bbox 1328 757 1457 817; x_wconf 87' lang='lat' dir='ltr'><strong>qua</strong></span> <span class='ocrx_word' id='word_1_68' title='bbox 1487 733 1638 796; x_wconf 87' lang='lat' dir='ltr'><strong>luna</strong></span> <span class='ocrx_word' id='word_1_69' title='bbox 1669 733 1999 799; x_wconf 83' lang='lat' dir='ltr'><strong>incirculo</strong></span> <span class='ocrx_word' id='word_1_70' title='bbox 2029 735 2194 799; x_wconf 85' lang='lat' dir='ltr'><strong>circa</strong></span> <span class='ocrx_word' id='word_1_71' title='bbox 2223 749 2458 800; x_wconf 88' lang='lat' dir='ltr'><strong>terram</strong></span> <span class='ocrx_word' id='word_1_72' title='bbox 2489 738 2699 821; x_wconf 92' lang='lat' dir='ltr'><strong>quies-</strong></span> 
     </span>
     <span class='ocr_line' id='line_1_8' title="bbox 178 835 2774 921; baseline 0.003 -27"><span class='ocrx_word' id='word_1_73' title='bbox 178 845 430 896; x_wconf 86' lang='lat' dir='ltr'><strong>centem</strong></span> <span class='ocrx_word' id='word_1_74' title='bbox 477 848 767 918; x_wconf 92' lang='lat' dir='ltr'><strong>tempore</strong></span> <span class='ocrx_word' id='word_1_75' title='bbox 797 859 917 900; x_wconf 90' lang='lat' dir='ltr'><strong>suo</strong></span> <span class='ocrx_word' id='word_1_76' title='bbox 961 836 1288 919; x_wconf 91' lang='lat' dir='ltr'><strong>periodico</strong></span> <span class='ocrx_word' id='word_1_77' title='bbox 1318 835 1719 899; x_wconf 86' lang='lat' dir='ltr'><strong>uniformiter</strong></span> <span class='ocrx_word' id='word_1_78' title='bbox 1748 835 1993 900; x_wconf 89' lang='lat' dir='ltr'><strong>revolvi</strong></span> <span class='ocrx_word' id='word_1_79' title='bbox 2026 850 2261 920; x_wconf 91' lang='lat' dir='ltr'><strong>posset,</strong></span> <span class='ocrx_word' id='word_1_80' title='bbox 2294 851 2367 902; x_wconf 91' lang='lat' dir='ltr'><strong>ut</strong></span> <span class='ocrx_word' id='word_1_81' title='bbox 2400 859 2434 920; x_wconf 89' lang='lat'>3</span> <span class='ocrx_word' id='word_1_82' title='bbox 2456 840 2507 901; x_wconf 94' lang='lat' dir='ltr'><em>I</em></span> <span class='ocrx_word' id='word_1_83' title='bbox 2530 839 2596 901; x_wconf 90' lang='lat' dir='ltr'><em>T</em></span> <span class='ocrx_word' id='word_1_84' title='bbox 2613 839 2698 903; x_wconf 83' lang='lat' dir='ltr'><strong>ad</strong></span> <span class='ocrx_word' id='word_1_85' title='bbox 2771 878 2774 921; x_wconf 81' lang='lat'><em>3</em></span> 
     </span>
     <span class='ocr_line' id='line_1_9' title="bbox 179 933 2700 1020; baseline 0.003 -24"><span class='ocrx_word' id='word_1_86' title='bbox 179 933 431 996; x_wconf 85' lang='lat' dir='ltr'><strong>radium</strong></span> <span class='ocrx_word' id='word_1_87' title='bbox 484 935 697 999; x_wconf 90' lang='lat' dir='ltr'><strong>circuli</strong></span> <span class='ocrx_word' id='word_1_88' title='bbox 743 935 1233 1020; x_wconf 89' lang='lat' dir='ltr'><strong>multiplicatum</strong></span> <span class='ocrx_word' id='word_1_89' title='bbox 1279 959 1397 1020; x_wconf 92' lang='lat' dir='ltr'><strong>per</strong></span> <span class='ocrx_word' id='word_1_90' title='bbox 1441 959 1777 1000; x_wconf 89' lang='lat' dir='ltr'><strong>numerum</strong></span> <span class='ocrx_word' id='word_1_91' title='bbox 1835 940 2056 1019; x_wconf 90' lang='lat'><em>178‚72</em></span> <span class='ocrx_word' id='word_1_92' title='bbox 2069 957 2125 1019; x_wconf 88' lang='lat'><strong>5,</strong></span> <span class='ocrx_word' id='word_1_93' title='bbox 2171 939 2311 1003; x_wconf 89' lang='lat' dir='ltr'><strong>sive</strong></span> <span class='ocrx_word' id='word_1_94' title='bbox 2355 952 2426 1002; x_wconf 95' lang='lat' dir='ltr'><strong>ut</strong></span> <span class='ocrx_word' id='word_1_95' title='bbox 2453 940 2506 1002; x_wconf 92' lang='lat' dir='ltr'><em>I</em></span> <span class='ocrx_word' id='word_1_96' title='bbox 2532 940 2599 1003; x_wconf 91' lang='lat' dir='ltr'><em>T</em></span> <span class='ocrx_word' id='word_1_97' title='bbox 2615 941 2700 1004; x_wconf 89' lang='lat' dir='ltr'><strong>ad</strong></span> 
     </span>
     <span class='ocr_line' id='line_1_10' title="bbox 177 1035 2784 1135; baseline 0.003 -39"><span class='ocrx_word' id='word_1_98' title='bbox 177 1035 425 1098; x_wconf 87' lang='lat' dir='ltr'><strong>radium</strong></span> <span class='ocrx_word' id='word_1_99' title='bbox 474 1036 961 1121; x_wconf 86' lang='lat' dir='ltr'><strong>multiplicatum</strong></span> <span class='ocrx_word' id='word_1_100' title='bbox 1014 1061 1132 1123; x_wconf 92' lang='lat' dir='ltr'><strong>per</strong></span> <span class='ocrx_word' id='word_1_101' title='bbox 1178 1056 1425 1121; x_wconf 89' lang='lat'><strong>59,575.</strong></span> <span class='ocrx_word' id='word_1_102' title='bbox 1524 1039 1850 1103; x_wconf 85' lang='lat' dir='ltr'><strong>Caeterum</strong></span> <span class='ocrx_word' id='word_1_103' title='bbox 1911 1039 1975 1102; x_wconf 92' lang='lat' dir='ltr'><strong>in</strong></span> <span class='ocrx_word' id='word_1_104' title='bbox 2028 1039 2152 1104; x_wconf 93' lang='lat' dir='ltr'><strong>hoc</strong></span> <span class='ocrx_word' id='word_1_105' title='bbox 2204 1038 2460 1116; x_wconf 83' lang='lat' dir='ltr'><strong>calculo,</strong></span> <span class='ocrx_word' id='word_1_106' title='bbox 2517 1041 2580 1106; x_wconf 86' lang='lat'>&amp;</span> <span class='ocrx_word' id='word_1_107' title='bbox 2620 1060 2700 1106; x_wconf 86' lang='lat' dir='ltr'><strong>eo</strong></span> <span class='ocrx_word' id='word_1_108' title='bbox 2779 1110 2784 1135; x_wconf 26' lang='grc' dir='ltr'>ἶ</span> 
     </span>
    </p>
   </div>
   <div class='ocr_carea' id='block_1_4' title="bbox 310 1192 2571 3143">
    <p class='ocr_par' dir='ltr' id='par_1_4' title="bbox 310 1192 2571 3143">
     <span class='ocr_line' id='line_1_11' title="bbox 310 1192 2571 3143; baseline 0 0"><span class='ocrx_word' id='word_1_109' title='bbox 310 1192 2571 3143; x_wconf 95' lang='lat' dir='ltr'><strong> </strong></span> 
     </span>
    </p>
   </div>
   <div class='ocr_carea' id='block_1_5' title="bbox 178 3183 2768 4088">
    <p class='ocr_par' dir='ltr' id='par_1_5' title="bbox 178 3183 2768 3756">
     <span class='ocr_line' id='line_1_12' title="bbox 181 3183 2765 3273; baseline -0 -29"><span class='ocrx_word' id='word_1_110' title='bbox 181 3186 355 3247; x_wconf 91' lang='lat' dir='ltr'><strong>omni</strong></span> <span class='ocrx_word' id='word_1_111' title='bbox 406 3189 515 3270; x_wconf 89' lang='lat' dir='ltr'><strong>qui</strong></span> <span class='ocrx_word' id='word_1_112' title='bbox 564 3192 866 3273; x_wconf 89' lang='lat' dir='ltr'><strong>sequitur,</strong></span> <span class='ocrx_word' id='word_1_113' title='bbox 919 3193 1257 3257; x_wconf 90' lang='lat' dir='ltr'><strong>considero</strong></span> <span class='ocrx_word' id='word_1_114' title='bbox 1305 3192 1509 3258; x_wconf 86' lang='lat' dir='ltr'><strong>lineas</strong></span> <span class='ocrx_word' id='word_1_115' title='bbox 1554 3215 1781 3258; x_wconf 90' lang='lat' dir='ltr'><strong>omnes</strong></span> <span class='ocrx_word' id='word_1_116' title='bbox 1830 3215 1870 3257; x_wconf 90' lang='lat' dir='ltr'>a</span> <span class='ocrx_word' id='word_1_117' title='bbox 1912 3190 2065 3255; x_wconf 85' lang='lat' dir='ltr'><strong>luna</strong></span> <span class='ocrx_word' id='word_1_118' title='bbox 2107 3189 2191 3253; x_wconf 89' lang='lat' dir='ltr'><strong>ad</strong></span> <span class='ocrx_word' id='word_1_119' title='bbox 2243 3184 2445 3251; x_wconf 87' lang='lat' dir='ltr'><strong>solem</strong></span> <span class='ocrx_word' id='word_1_120' title='bbox 2477 3183 2700 3246; x_wconf 91' lang='lat' dir='ltr'><strong>ductas</strong></span> <span class='ocrx_word' id='word_1_121' title='bbox 2764 3266 2765 3269; x_wconf 8' lang='grc' dir='ltr'><strong>Ἴ</strong></span> 
     </span>
     <span class='ocr_line' id='line_1_13' title="bbox 180 3281 2768 3378; baseline 0 -33"><span class='ocrx_word' id='word_1_122' title='bbox 180 3295 487 3369; x_wconf 85' lang='lat' dir='ltr'>tanquam</span> <span class='ocrx_word' id='word_1_123' title='bbox 517 3291 852 3371; x_wconf 83' lang='lat' dir='ltr'><strong>parallelas</strong></span> <span class='ocrx_word' id='word_1_124' title='bbox 883 3293 1069 3358; x_wconf 83' lang='lat' dir='ltr'><strong>lineae</strong></span> <span class='ocrx_word' id='word_1_125' title='bbox 1095 3317 1241 3378; x_wconf 85' lang='lat' dir='ltr'><strong>quae</strong></span> <span class='ocrx_word' id='word_1_126' title='bbox 1273 3318 1313 3357; x_wconf 86' lang='lat' dir='ltr'>a</span> <span class='ocrx_word' id='word_1_127' title='bbox 1342 3308 1512 3358; x_wconf 88' lang='lat' dir='ltr'><strong>terra</strong></span> <span class='ocrx_word' id='word_1_128' title='bbox 1534 3295 1618 3357; x_wconf 86' lang='lat' dir='ltr'><strong>ad</strong></span> <span class='ocrx_word' id='word_1_129' title='bbox 1637 3294 1839 3359; x_wconf 91' lang='lat' dir='ltr'><strong>solem</strong></span> <span class='ocrx_word' id='word_1_130' title='bbox 1872 3293 2138 3366; x_wconf 88' lang='lat' dir='ltr'><strong>ducitur,</strong></span> <span class='ocrx_word' id='word_1_131' title='bbox 2165 3300 2506 3374; x_wconf 86' lang='lat' dir='ltr'><strong>propterea</strong></span> <span class='ocrx_word' id='word_1_132' title='bbox 2524 3281 2698 3368; x_wconf 84' lang='lat' dir='ltr'><strong>quod</strong></span> <span class='ocrx_word' id='word_1_133' title='bbox 2764 3334 2768 3337; x_wconf 19' lang='grc' dir='ltr'><strong>Α</strong></span> 
     </span>
     <span class='ocr_line' id='line_1_14' title="bbox 178 3383 2697 3476; baseline 0 -30"><span class='ocrx_word' id='word_1_134' title='bbox 178 3383 500 3453; x_wconf 86' lang='lat' dir='ltr'><strong>inclinatio</strong></span> <span class='ocrx_word' id='word_1_135' title='bbox 548 3405 795 3455; x_wconf 87' lang='lat' dir='ltr'><strong>tantum</strong></span> <span class='ocrx_word' id='word_1_136' title='bbox 843 3395 977 3458; x_wconf 88' lang='lat' dir='ltr'><strong>fere</strong></span> <span class='ocrx_word' id='word_1_137' title='bbox 1036 3397 1264 3459; x_wconf 89' lang='lat' dir='ltr'><strong>minuit</strong></span> <span class='ocrx_word' id='word_1_138' title='bbox 1315 3397 1579 3460; x_wconf 91' lang='lat' dir='ltr'><strong>effectus</strong></span> <span class='ocrx_word' id='word_1_139' title='bbox 1635 3418 1860 3460; x_wconf 90' lang='lat' dir='ltr'><strong>omnes</strong></span> <span class='ocrx_word' id='word_1_140' title='bbox 1922 3396 1985 3460; x_wconf 90' lang='lat' dir='ltr'><strong>in</strong></span> <span class='ocrx_word' id='word_1_141' title='bbox 2045 3391 2363 3476; x_wconf 87' lang='lat' dir='ltr'><strong>aliquibus</strong></span> <span class='ocrx_word' id='word_1_142' title='bbox 2430 3386 2697 3460; x_wconf 84' lang='lat' dir='ltr'><strong>casibuS,</strong></span> 
     </span>
     <span class='ocr_line' id='line_1_15' title="bbox 181 3489 2767 3578; baseline -0 -29"><span class='ocrx_word' id='word_1_143' title='bbox 181 3501 493 3568; x_wconf 84' lang='lat' dir='ltr'><strong>quantum</strong></span> <span class='ocrx_word' id='word_1_144' title='bbox 542 3507 739 3578; x_wconf 88' lang='lat' dir='ltr'><strong>auget</strong></span> <span class='ocrx_word' id='word_1_145' title='bbox 800 3495 864 3557; x_wconf 92' lang='lat' dir='ltr'><strong>in</strong></span> <span class='ocrx_word' id='word_1_146' title='bbox 913 3495 1088 3573; x_wconf 84' lang='lat' dir='ltr'><strong>aliis;</strong></span> <span class='ocrx_word' id='word_1_147' title='bbox 1164 3497 1228 3560; x_wconf 85' lang='lat'>&amp;</span> <span class='ocrx_word' id='word_1_148' title='bbox 1275 3498 1593 3561; x_wconf 89' lang='lat' dir='ltr'><strong>nodorum</strong></span> <span class='ocrx_word' id='word_1_149' title='bbox 1642 3511 1856 3562; x_wconf 89' lang='lat' dir='ltr'><strong>motus</strong></span> <span class='ocrx_word' id='word_1_150' title='bbox 1916 3495 2272 3560; x_wconf 89' lang='lat' dir='ltr'><strong>mediocres</strong></span> <span class='ocrx_word' id='word_1_151' title='bbox 2336 3489 2696 3575; x_wconf 79' lang='lat' dir='ltr'><strong>quaerimuS‚</strong></span> <span class='ocrx_word' id='word_1_152' title='bbox 2762 3537 2767 3541; x_wconf 22' lang='grc' dir='ltr'><strong>Δ</strong></span> 
     </span>
     <span class='ocr_line' id='line_1_16' title="bbox 179 3583 2701 3683; baseline 0 -33"><span class='ocrx_word' id='word_1_153' title='bbox 179 3583 487 3672; x_wconf 83' lang='lat' dir='ltr'><strong>neglectis</strong></span> <span class='ocrx_word' id='word_1_154' title='bbox 540 3593 898 3660; x_wconf 88' lang='lat' dir='ltr'><strong>istiusmodi</strong></span> <span class='ocrx_word' id='word_1_155' title='bbox 952 3598 1250 3674; x_wconf 82' lang='lat' dir='ltr'><strong>minutiiS‚</strong></span> <span class='ocrx_word' id='word_1_156' title='bbox 1306 3621 1453 3683; x_wconf 83' lang='lat' dir='ltr'><strong>quae</strong></span> <span class='ocrx_word' id='word_1_157' title='bbox 1512 3598 1825 3665; x_wconf 83' lang='lat' dir='ltr'><strong>calculum</strong></span> <span class='ocrx_word' id='word_1_158' title='bbox 1874 3597 2063 3662; x_wconf 90' lang='lat' dir='ltr'><strong>nimis</strong></span> <span class='ocrx_word' id='word_1_159' title='bbox 2115 3592 2494 3678; x_wconf 89' lang='lat' dir='ltr'><strong>impeditum</strong></span> <span class='ocrx_word' id='word_1_160' title='bbox 2560 3586 2701 3652; x_wconf 89' lang='lat' dir='ltr'><strong>red-</strong></span> 
     </span>
     <span class='ocr_line' id='line_1_17' title="bbox 179 3687 1869 3756; baseline -0.004 -6"><span class='ocrx_word' id='word_1_161' title='bbox 179 3687 422 3756; x_wconf 89' lang='lat' dir='ltr'><strong>derent.</strong></span> <span class='ocrx_word' id='word_1_162' title='bbox 1865 3692 1869 3695; x_wconf 86' lang='grc'><strong>’</strong></span> 
     </span>
    </p>

    <p class='ocr_par' dir='ltr' id='par_1_6' title="bbox 179 3790 2758 4088">
     <span class='ocr_line' id='line_1_18' title="bbox 272 3790 2758 3892; baseline -0.002 -35"><span class='ocrx_word' id='word_1_163' title='bbox 272 3793 593 3881; x_wconf 89' lang='lat' dir='ltr'><strong>Designet</strong></span> <span class='ocrx_word' id='word_1_164' title='bbox 627 3799 765 3884; x_wconf 87' lang='lat' dir='ltr'><strong>jam</strong></span> <span class='ocrx_word' id='word_1_165' title='bbox 810 3800 991 3862; x_wconf 90' lang='lat' dir='ltr'><strong>PM</strong></span> <span class='ocrx_word' id='word_1_166' title='bbox 1024 3821 1258 3875; x_wconf 89' lang='lat' dir='ltr'><strong>arcum,</strong></span> <span class='ocrx_word' id='word_1_167' title='bbox 1293 3822 1487 3884; x_wconf 91' lang='lat' dir='ltr'><strong>quem</strong></span> <span class='ocrx_word' id='word_1_168' title='bbox 1517 3801 1670 3864; x_wconf 89' lang='lat' dir='ltr'><strong>luna</strong></span> <span class='ocrx_word' id='word_1_169' title='bbox 1699 3801 1856 3866; x_wconf 87' lang='lat' dir='ltr'><strong>dato</strong></span> <span class='ocrx_word' id='word_1_170' title='bbox 1885 3813 2177 3883; x_wconf 88' lang='lat' dir='ltr'><strong>ternpore</strong></span> <span class='ocrx_word' id='word_1_171' title='bbox 2207 3815 2401 3880; x_wconf 87' lang='lat' dir='ltr'><strong>quam</strong></span> <span class='ocrx_word' id='word_1_172' title='bbox 2432 3790 2697 3856; x_wconf 88' lang='lat' dir='ltr'><strong>minimo</strong></span> <span class='ocrx_word' id='word_1_173' title='bbox 2749 3877 2758 3892; x_wconf 83' lang='lat'><strong>.-</strong></span> 
     </span>
     <span class='ocr_line' id='line_1_19' title="bbox 181 3890 2755 3986; baseline 0.002 -33"><span class='ocrx_word' id='word_1_174' title='bbox 181 3890 498 3973; x_wconf 90' lang='lat' dir='ltr'><strong>describit,</strong></span> <span class='ocrx_word' id='word_1_175' title='bbox 534 3898 597 3962; x_wconf 84' lang='lat'>&amp;</span> <span class='ocrx_word' id='word_1_176' title='bbox 639 3901 812 3963; x_wconf 82' lang='lat' dir='ltr'><strong>ML</strong></span> <span class='ocrx_word' id='word_1_177' title='bbox 860 3899 1159 3966; x_wconf 88' lang='lat' dir='ltr'><strong>lineolam</strong></span> <span class='ocrx_word' id='word_1_178' title='bbox 1206 3902 1385 3986; x_wconf 91' lang='lat' dir='ltr'><strong>cujus</strong></span> <span class='ocrx_word' id='word_1_179' title='bbox 1430 3902 1768 3967; x_wconf 89' lang='lat' dir='ltr'><strong>dimidium</strong></span> <span class='ocrx_word' id='word_1_180' title='bbox 1813 3901 1980 3978; x_wconf 86' lang='lat' dir='ltr'><strong>luna,</strong></span> <span class='ocrx_word' id='word_1_181' title='bbox 2027 3896 2397 3983; x_wconf 90' lang='lat' dir='ltr'><strong>impellente</strong></span> <span class='ocrx_word' id='word_1_182' title='bbox 2425 3894 2492 3959; x_wconf 89' lang='lat' dir='ltr'><strong>vi</strong></span> <span class='ocrx_word' id='word_1_183' title='bbox 2537 3913 2695 3977; x_wconf 85' lang='lat' dir='ltr'><strong>prae·</strong></span> <span class='ocrx_word' id='word_1_184' title='bbox 2753 3976 2755 3978; x_wconf 15' lang='grc' dir='ltr'>Ι</span> 
     </span>
     <span class='ocr_line' id='line_1_20' title="bbox 179 3993 2692 4088; baseline 0.005 -33"><span class='ocrx_word' id='word_1_185' title='bbox 179 3993 311 4058; x_wconf 83' lang='lat' dir='ltr'><strong>fata</strong></span> <span class='ocrx_word' id='word_1_186' title='bbox 358 4021 392 4080; x_wconf 92' lang='lat'>3</span> <span class='ocrx_word' id='word_1_187' title='bbox 415 4002 466 4063; x_wconf 90' lang='lat' dir='ltr'><em>J</em></span> <span class='ocrx_word' id='word_1_188' title='bbox 489 4002 558 4076; x_wconf 88' lang='lat' dir='ltr'><strong>T,</strong></span> <span class='ocrx_word' id='word_1_189' title='bbox 605 4003 835 4067; x_wconf 92' lang='lat' dir='ltr'><strong>eodem</strong></span> <span class='ocrx_word' id='word_1_190' title='bbox 868 4016 1158 4087; x_wconf 90' lang='lat' dir='ltr'><strong>tempore</strong></span> <span class='ocrx_word' id='word_1_191' title='bbox 1187 4003 1549 4068; x_wconf 90' lang='lat' dir='ltr'><strong>describere</strong></span> <span class='ocrx_word' id='word_1_192' title='bbox 1579 4017 1812 4088; x_wconf 86' lang='lat' dir='ltr'><strong>posset.</strong></span> <span class='ocrx_word' id='word_1_193' title='bbox 1905 4003 2271 4087; x_wconf 78' lang='lat' dir='ltr'><strong>jungantur</strong></span> <span class='ocrx_word' id='word_1_194' title='bbox 2298 3996 2463 4072; x_wconf 89' lang='lat' dir='ltr'><strong>PL,</strong></span> <span class='ocrx_word' id='word_1_195' title='bbox 2508 3994 2608 4058; x_wconf 90' lang='lat' dir='ltr'><em>M</em></span> <span class='ocrx_word' id='word_1_196' title='bbox 2612 3993 2692 4068; x_wconf 71' lang='lat' dir='ltr'><strong>P·</strong></span> 
     </span>
    </p>
   </div>
  </div>
 </body>
</html>
