2852 4250
154 167 282 228 444
946 142 1063 193 DE
1097 142 1386 194 MUNDJ
1411 139 1772 194 SYSTEMA
1781 141 1880 193 TE

153 341 185 380 c
213 317 281 380 Y
301 315 385 378 ad
414 321 519 396 cp,
553 312 676 376 hoc
706 322 821 386 est,
855 309 910 373 si
924 310 1042 392 ple
1073 309 1191 392 ipsi
1235 307 1396 370 TN
1433 305 1736 390 parallela
1764 321 2054 372 occurrat
2080 309 2227 373 FP
2255 310 2320 376 in
2347 310 2408 386 Ιι,
2440 323 2514 376 ut
2547 314 2620 377 F
2625 313 2670 378 h

154 418 238 481 ad
267 417 426 479 FY
461 413 524 478 &
567 414 726 476 FY
759 411 843 475 ad
888 411 1075 484 FP,·
1119 409 1240 472 hoe
1286 419 1403 486 est,
1435 419 1508 470 ut
1542 408 1670 471 Flz
1713 408 1797 471 ad
1840 409 1986 471 FP
2027 431 2145 473 seu
2188 409 2320 474 Do
2363 411 2449 475 ad
2492 413 2668 487 DP,

156 519 432 601 ideoque
461 529 533 579 ut
562 537 711 578 area
739 515 813 576 D
813 521 869 595 p
889 534 953 575 m
970 511 1021 574 d
1043 511 1126 573 ad
1171 531 1387 573 aream
1416 510 1573 572 DP
1589 510 1748 575 Md.
1843 509 1936 572 Et
1963 523 2334 593 propterea,-
2354 533 2499 574 cum
2534 511 2676 598 (per

156 618 342 685 corol.
385 641 407 681 1
447 600 625 701 prop.
663 613 828 699 xxx)
864 635 1013 676 area
1041 611 1358 694 posterior
1403 609 1466 673 &
1494 612 1565 673 A
1589 612 1655 673 Z
1672 635 1713 695 q
1752 610 2139 695 conjunctim
2177 612 2676 694 proportionalia

157 723 286 785 sint
315 719 514 783 motui
546 716 798 781 horario
829 714 1145 778 nodorum
1190 712 1254 774 in
1296 709 1544 787 circulo,
1578 724 1765 795 erunt
1810 734 1960 775 area
1989 712 2162 795 prior
2192 711 2255 775 &
2283 713 2355 776 A
2378 714 2445 775 Z
2454 737 2497 797 q
2525 736 2672 778 con-

158 822 420 907 junctim
451 813 948 902 proportionalia
978 813 1178 877 motui
1210 812 1464 875 horario
1497 812 1811 876 nodorum
1845 814 1908 876 in
1940 811 2164 896 ellipsi.
2260 813 2335 891 Q.
2359 814 2443 878 E.
2470 816 2558 888 D.

258 3381 461 3443 Corol.
516 3379 738 3461 Quare
786 3403 947 3456 cum,
1005 3382 1066 3444 in
1128 3383 1280 3445 data
1328 3382 1642 3446 nodorum
1702 3381 2039 3464 positione,
2100 3402 2353 3443 summa
2399 3382 2683 3445 omnium

165 3504 456 3545 arearum
486 3482 706 3564 de
715 3505 795 3556 m,
844 3505 974 3565 quo
1022 3496 1312 3566 tempore
1359 3482 1509 3546 luna
1553 3484 1765 3568 pergit
1814 3506 1854 3545 a
1905 3482 2293 3567 quadratura
2344 3483 2426 3546 ad
2475 3482 2683 3547 locum

165 3583 460 3666 quemvis
490 3605 570 3658 m,
603 3582 686 3645 sit
715 3605 864 3645 area
907 3592 1031 3665 mp
1053 3585 1111 3660 Q
1130 3585 1274 3658 Ed,
1307 3606 1453 3667 quae
1485 3584 1568 3646 ad
1613 3582 1910 3667 ellipseos
1950 3597 2323 3669 tangentem
2369 3584 2429 3662 Q
2448 3586 2521 3647 E
2562 3598 2683 3648 ter·

165 3685 475 3759 minatur3
524 3683 587 3746 &
617 3705 869 3745 summa
898 3683 1184 3746 omnium
1229 3706 1519 3746 arearum
1565 3682 1829 3760 illarum,
1863 3686 1927 3747 in
1974 3683 2374 3748 revolutione
2418 3685 2682 3770 integra,

162 3786 246 3848 sit
297 3807 446 3848 area
493 3782 791 3867 ellipseos
845 3783 1071 3847 totius:
1141 3797 1354 3847 motus
1414 3785 1752 3848 mediocris
1812 3786 2129 3850 nodorum
2182 3786 2246 3849 in
2299 3785 2503 3869 ellipsi
2563 3787 2684 3850 erit

162 3886 245 3947 ad
299 3899 544 3949 motum
598 3884 985 3949 mediocrem
1035 3884 1349 3948 nodorum
1400 3886 1463 3948 in
1516 3886 1764 3962 circulo,
1798 3901 1869 3951 ut
1920 3887 2158 3972 ellipsis
2205 3888 2290 3951 ad
2343 3885 2679 3963 circulum;
