2852 4250
1103 84 1342 135 LIBER
1376 82 1516 133 SEC
1525 70 1685 131 UNI)
1696 81 1796 130 ας.
2429 33 2436 38 ’
2545 80 2662 153 263

205 226 651 336 ‘hyperbolam‘
685 253 764 313 ex
814 247 1257 332 phaenomeniS.
1379 242 1785 324 Projiciantur
1834 259 2094 318 corpora
2124 238 2270 298 ‘duo
2327 237 2549 297 similia
2608 238 2668 298 &

225 353 504 434 aequalia,
554 353 775 414 eadem
825 349 1169 418 velocitate,
1220 346 1283 406 in
1329 339 1572 423 angulis
1624 333 1887 398 diversis
1940 336 2105 407 HA
2135 336 2222 406 K,
2267 335 2396 394 ch
2426 336 2482 406 k,
2522 336 2665 395 inci-

222 453 504 532 ‘dantque
534 452 596 511 in
626 444 880 529 planum
911 445 1244 508 horizontis
1290 442 1353 502 in
1389 440 1470 500 K
1502 438 1562 498 &
1603 437 1690 506 k,·
1736 433 1797 494 &
1841 445 2090 494 notetur
2132 432 2449 511 proportio
2499 433 2565 490 A
2594 433 2674 491 K

50 523 61 570 ’Ἴ
140 583 142 586 ·
227 551 308 614 ad
337 551 405 610 A
418 551 475 611 k.
553 548 651 609 Sit
680 568 756 607 ea
782 545 832 606 d
852 544 934 605 ad
962 566 1006 605 e.
1086 541 1483 602 Tum'erecto
1505 533 1777 615 cujusvis
1800 529 2203 612 longitudinis
2228 527 2670 607 perpendiculo

226 652 294 711 A
318 651 375 721 J,
422 668 670 709 assume
714 658 1029 723 utcunque
1072 638 1525 721 longitudinem
1569 635 1636 694 A
1666 634 1752 693 Η
1787 629 1888 693 vel
1946 631 2013 691 A
2037 630 2095 702 lz,
2144 629 2205 690 &
2251 629 2397 689 inde
2451 628 2671 709 collige

225 738 519 828 graphice
548 741 967 824 longitudines
998 739 1064 799 A
1093 738 1181 809 K,
1215 737 1283 796 A
1309 735 1365 805 k,
1398 755 1511 814 per
1546 754 1670 813 reg.
1707 736 1761 791 6.
1879 729 1949 790 Si
1995 729 2151 789 ratio
2193 729 2261 787 A
2291 728 2370 787 K
2406 727 2487 786 ad
2530 728 2597 786 A
2626 728 2669 787 k

218 845 308 906 -sit
336 843 557 904 eadem
609 861 748 900 cum
797 838 1035 898 ratione
1077 836 1127 896 d
1152 835 1242 900 ‚ad
1285 856 1327 905 e,
1359 831 1684 912 longitudo
1727 829 1795 888 A
1824 828 1911 887 H
1946 839 2111 887 recte
2162 837 2482 904 assumpta
2538 824 2668 885 fuit.

117 925 123 930 ⁴
223 943 342 1004 Sin
390 940 592 1001 minus
637 958 790 1016 cape
835 936 896 1005 in
942 946 1110 994 recta
1154 931 1393 992 infinita
1443 930 1499 988 S
1513 928 1607 987 M
1649 924 2100 1007 longitudinem
2155 924 2210 982 S
2224 924 2316 982 M
2364 920 2673 1001 aequalem

106 1115 121 1122 -
227 1052 565 1119 assumptae
629 1037 696 1096 A
726 1034 817 1104 Η,
880 1033 940 1092 &
1012 1031 1183 1112 erige
1241 1023 1751 1109 perpendiculum
1809 1023 1998 1083 MN
2065 1019 2306 1101 aequale
2365 1021 2672 1080 rationum

228 1171 592 1233 differentiae
629 1116 1153 1226 Δ’--4--]ἷ--ί-’ἶκὲ1ιι(;ῖω
1185 1163 1246 1223 in
1278 1172 1509 1222 rectam
1533 1154 1820 1237 quamvis
1845 1152 2071 1212 datam.
2151 1149 2351 1211 Simili
2376 1151 2672 1211 methodo

647 1224 931 1285 Ake

228 1347 308 1385 ex
338 1323 670 1402 assumptis
703 1319 980 1401 pluribus
1010 1314 1501 1398 longitudinibus

227 1424 296 1482 A
326 1420 412 1482 H
448 1419 823 1482 invenienda
867 1429 1014 1478 sunt
1056 1414 1234 1496 plura
1274 1426 1504 1494 puncta
2074 1353 2121 1393 N
2276 1441 2324 1480 N

233 1522 331 1595 N,
366 1520 426 1580 ἃ
456 1541 569 1599 per
597 1518 806 1580 omnia
835 1515 1081 1598 agenda
1124 1535 1314 1574 curva
1342 1511 1506 1571 linea
1597 1388 2662 1678 fgss-„QM'

231 1617 531 1700 regularis
579 1617 663 1676 Ν
675 1616 761 1675 Ν
771 1615 847 1674 Χ
863 1614 955 1685 N,
1004 1633 1222 1673 secans
1274 1623 1505 1670 rectam

2499 1554 2612 1842 RQ

235 1719 291 1779 S
295 1718 387 1776 M
387 1717 479 1775 M
479 1716 572 1774 M
591 1714 653 1774 in
684 1714 772 1774 X.
854 1711 1231 1771 Assumatur
1252 1709 1505 1769 demum

229 1816 298 1875 A
327 1814 414 1874 H
448 1810 703 1892 aequalis
734 1809 1025 1870 abscissae
1072 1809 1128 1868 S
1141 1808 1229 1880 X,
1264 1807 1324 1868 &
1363 1808 1507 1867 inde

231 1913 439 1972 denuo
514 1909 864 1969 inveniatur
925 1905 1251 1987 longitudo
1310 1906 1377 1965 A
1406 1906 1486 1965 K
1499 1932 1521 1976 ,·
1595 1905 1655 1966 &
1713 1903 2149 1985 longitudineS,
2211 1923 2351 1980 quae
2420 1899 2542 1958 sint
2600 1897 2678 1956 ad

231 2022 614 2089 assumptam
645 2006 1098 2088 longitudinem
1129 2005 1197 2063 A
1205 2006 1253 2063 l
1277 2003 1337 2064 &
1369 2004 1527 2064 hanc
1558 2003 1837 2064 ultimam
1869 2004 1935 2062 A
1954 2003 2044 2073 H,
2078 2014 2146 2060 ut
2176 1999 2501 2081 longitudo
2534 1998 2599 2056 A
2609 1998 2685 2055 K

147 2136 157 2144 ·
231 2130 344 2188 per
390 2106 882 2186 experimentum
931 2103 1182 2184 cognita
1227 2101 1307 2161 ad
1356 2101 1573 2162 ultimo
1622 2102 1938 2161 inventam
1992 2099 2443 2181 longitudinem
2496 2097 2562 2156 A
2588 2096 2676 2166 K,

232 2219 412 2268 erunt
458 2226 625 2265 verae
673 2189 790 2263 illae
839 2201 1258 2282 longitudines
1305 2200 1373 2260 A
1398 2201 1447 2260 J
1499 2199 1559 2260 &
1615 2201 1683 2260 A
1715 2201 1806 2270 H,
1858 2220 2012 2278 quas
2063 2197 2339 2256 invenire
2391 2193 2674 2273 oportuit.

239 2304 435 2364 Hisce
484 2324 636 2363 vero
683 2301 844 2362 datis
892 2301 1140 2360 dabitur
1187 2298 1247 2359 &
1295 2299 1645 2359 resistentia
1676 2298 1863 2358 medii
1896 2298 1955 2357 in
1988 2296 2123 2357 loco
2153 2296 2241 2365 A,
2276 2294 2507 2373 quippe
2538 2313 2678 2371 quae

232 2404 313 2462 sit
342 2402 422 2462 ad
453 2402 580 2462 vim
610 2400 933 2483 gravitatis
966 2412 1034 2458 ut
1062 2399 1130 2457 A
1158 2398 1243 2457 H
1263 2398 1343 2457 ad
1379 2418 1408 2456 2
1445 2398 1512 2457 A
1541 2398 1597 2458 I.
1692 2397 2009 2477 Augenda
2040 2409 2134 2456 est
2164 2407 2371 2453 autem
2403 2391 2678 2451 densitas

233 2500 421 2560 medii
472 2521 584 2579 per
637 2520 761 2580 reg.
815 2518 854 2574 4
900 2497 961 2558 ἃ
1012 2497 1360 2557 resistentia
1407 2497 1596 2557 modo
1643 2480 2000 2565 inventassi
2047 2493 2108 2552 in
2169 2491 2389 2551 eadem
2441 2489 2679 2548 ratione

234 2592 548 2680 augeatur,
582 2597 688 2657 fiet
718 2596 1072 2656 accuratior.

344 2698 490 2776 Reg.
541 2698 594 2755 8.
650 2694 930 2754 Inventis
976 2692 1467 2774 longitudinibus
1511 2693 1579 2751 A
1609 2692 1701 2763 H,
1756 2693 1841 2751 H
1850 2692 1925 2750 X
1942 2717 1965 2762 ‚·
2015 2690 2066 2750 si
2111 2691 2243 2770 jam
2295 2686 2682 2747 desideretur

234 2795 459 2876 positio
490 2806 672 2854 rectae
703 2794 770 2852 A
796 2793 886 2863 H,
919 2791 1260 2852 secundum
1293 2813 1479 2871 quam
1513 2789 1843 2871 projectile,
1878 2789 2024 2848 data
2055 2785 2155 2847 illa
2186 2807 2325 2846 cum
2356 2782 2683 2844 velocitate

235 2893 544 2977 emissum,
608 2890 821 2951 incidit
880 2890 941 2949 in
1000 2902 1297 2968 punctum
1371 2889 1639 2969 quodvis
1710 2889 1791 2947 K
1805 2915 1822 2949 .·
1894 2887 1974 2946 ad
2049 2897 2276 2965 puncta
2332 2883 2398 2942 A
2481 2881 2539 2941 &
2611 2880 2690 2939 K

57 2983 61 2990 Α
115 3045 117 3048 .
236 2992 552 3072 erigantur
602 3002 785 3049 rectae
833 2988 900 3047 A
932 2988 996 3058 C,
1046 2988 1126 3046 K
1137 2988 1206 3047 F
1255 2987 1558 3048 horizonti
1612 2983 2173 3066 perpendiculareS,
2226 3001 2487 3061 quarum
2534 2979 2600 3038 A
2633 2978 2688 3037 C

234 3089 525 3150 deorsum
558 3086 787 3157 tendat,
822 3085 882 3146 &
912 3099 1194 3166 aequetur
1226 3086 1340 3165 ipsi
1373 3086 1439 3144 A
1463 3087 1511 3145 l
1548 3108 1656 3146 seu
1688 3086 1722 3150 ὲ
1751 3085 1934 3145 ΗΧ.
2055 3080 2452 3161 Asymptotis
2496 3078 2562 3136 A
2593 3077 2678 3146 K,

238 3187 318 3246 K
328 3187 397 3246 F
434 3187 818 3248 describatur
876 3183 1232 3264 hyperbola‚
1294 3184 1467 3264 cujus
1516 3184 1848 3264 conjugata
1899 3194 2172 3241 transeat
2223 3201 2334 3258 per
2384 3189 2682 3257 punctum

243 3284 308 3354 C,
369 3296 706 3364 centroque
763 3284 831 3343 A
913 3282 972 3342 &
1046 3280 1371 3342 intervallo
1428 3282 1497 3340 A
1527 3282 1613 3340 H
1647 3280 2061 3340 'describatur
2132 3275 2390 3337 circulus
2464 3293 2679 3333 secans

238 3380 642 3461 hyperbolam
675 3380 839 3442 illam
886 3381 947 3440 in
992 3392 1224 3459 puncto
1269 3379 1354 3438 H
1363 3405 1387 3449 ‚·
1432 3378 1491 3438 Sc
1521 3376 1839 3458 projectile
1880 3376 2221 3437 secundum
2253 3386 2482 3434 rectam
2513 3371 2579 3429 A
2606 3369 2691 3428 H

238 3479 533 3538 emissum
582 3479 811 3539 incidet
862 3479 923 3538 in
973 3490 1268 3557 punctum
1316 3476 1404 3536 K.
1528 3475 1790 3549 Q.E.J.
1887 3474 2057 3533 Nam
2110 3483 2407 3551 punctum
2454 3467 2545 3537 Is,
2599 3465 2680 3525 ob

239 3575 453 3635 datam·
481 3574 932 3657 longitudinem
961 3576 1029 3635 A
1039 3575 1129 3646 H,
1162 3573 1400 3634 locatur
1429 3572 1649 3633 alicubi
1683 3572 1743 3630 in
1776 3568 2001 3631 circulo
2031 3568 2360 3645 descripto,
2436 3564 2683 3643 Agatur

247 3674 405 3734 CH
460 3695 786 3734 occurrens
847 3674 996 3752 ipsis
1054 3673 1231 3732 AK
1292 3671 1352 3731 ἃ
1394 3672 1557 3741 KF,
1615 3669 1697 3729 illi
1759 3670 1819 3728 in
1871 3669 1954 3742 E,
2008 3667 2149 3726 huic
2209 3666 2269 3724 in
2321 3664 2420 3731 F‚·
2482 3661 2541 3719 ἃ
2600 3659 2680 3719 ob

248 3771 570 3852 parallelas
606 3774 661 3832 C
674 3773 765 3844 H,
798 3773 892 3831 M
898 3771 973 3830 X
1017 3770 1077 3830 &
1107 3768 1379 3849 aequales
1423 3769 1491 3828 A
1521 3770 1586 3840 C,
1632 3769 1700 3827 A
1725 3768 1780 3838 J,
1828 3767 1943 3826 erit
1986 3765 2053 3824 A
2078 3765 2146 3823 E
2188 3758 2441 3840 aequalis
2485 3758 2552 3817 A
2582 3756 2679 3842 M
