2852 4250
1144 117 1383 173 LIBER
1414 121 1724 173 PRIMUS.
2541 137 2563 177 1
2575 134 2612 190 6
2622 143 2654 202 7

218 286 401 351 corol.
441 287 502 371 2)
551 276 880 349 resolvitur
922 285 983 345 in
1014 285 1179 346 vires
1225 285 1369 356 SD,
1400 286 1472 345 D
1493 285 1556 344 T
1561 311 1586 355 ‚·
1631 285 1691 345 &
1722 284 1817 345 vis
1848 284 1905 345 S
1910 284 1968 344 L
2017 285 2078 345 in
2124 285 2287 347 vires
2320 289 2462 361 SD,
2493 293 2654 354 DL.

222 387 408 448 Vires
455 399 664 476 autem
713 386 787 445 D
818 384 886 455 T,
934 383 1106 454 DL,
1156 404 1298 462 quae
1342 394 1488 442 sunt
1530 395 1601 442 ut
1645 382 1916 461 ipsarum
1962 403 2206 442 summa
2269 384 2333 442 T
2343 384 2422 456 L,
2471 398 2659 466 atque

217 483 362 546 ideo
392 497 461 544 ut
489 484 653 543 vires
683 480 1138 568 acceleratrices
1185 479 1410 560 quibus
1454 500 1712 559 corpora
1754 479 1817 538 T
1837 479 1897 539 &
1926 479 1986 538 L
2034 500 2102 539 se
2147 492 2363 540 mutuo
2393 482 2658 554 trahunt,
2762 502 2766 506 ’

184 582 451 666 ⁵additae
480 581 576 641 his
618 580 852 641 viribus
897 599 1223 658 corporum
1281 577 1424 638 T&
1453 578 1532 649 L,
1558 578 1727 657 prior
1768 576 1956 657 priori
2003 575 2063 637 &
2097 560 2414 655 'posterior
2455 592 2660 656 poste-

47 704 49 706 ·
219 679 382 752 riori,
435 688 816 756 componunt
886 676 1051 736 vires
1119 674 1242 734 dis·
1349 730 1390 783 L

219 777 428 837 tantiis
473 776 546 836 D
574 775 639 835 T
677 795 750 835 ac
791 773 938 834 DL
986 793 1240 852 propor-
1375 784 1382 854 ξ
1418 765 1438 771 ”
1445 764 2440 772 ”””””””””””””””””””””””””””””””””””””””””””””””””””

65 911 69 914 «
112 954 118 959 .
219 871 495 944 tionaleS,
529 884 598 932 ut
632 872 820 951 priuS,
852 870 964 931 sed
1009 870 1242 930 viribus
1288 858 1714 983 Se———C

45 974 52 982 '
219 971 524 1053 prioribus
583 971 888 1051 majores;
976 968 1243 1048 ideoque
1378 988 1384 1009 ¹

224 1070 360 1150 (per
437 1065 618 1129 corol.
697 1088 719 1126 1
799 1087 971 1146 prop.
1046 1085 1107 1137 X,
1183 1065 1244 1126 8c
1378 1130 1384 1149 Ζ

219 1165 400 1228 corol.
467 1188 487 1227 1
550 1165 611 1227 ἃ
663 1168 699 1226 8
746 1185 918 1244 prop.
969 1162 1056 1245 lv)
1112 1163 1241 1224 effi-
1377 1153 1384 1251 ξ

219 1267 388 1327 ciunt
437 1277 507 1325 ut
549 1285 808 1344 corpora
859 1261 962 1323 illa
1011 1263 1239 1323 deseri·
1373 1253 1383 1288 ‘²

220 1365 373 1424 bant
443 1361 690 1443 ellipses
761 1374 831 1423 ut
887 1362 1071 1441 priuS,
1132 1359 1245 1422 sed

221 1476 391 1524 motu
412 1461 716 1523 celeriore.
796 1461 978 1522 Vires
999 1459 1251 1540 reliquae

222 1560 679 1623 acceleratrices
710 1561 766 1620 S
783 1562 854 1620 D
884 1559 945 1620 &
976 1560 1033 1620 S
1046 1560 1130 1631 D,
1163 1558 1508 1619 actionibus
1555 1556 1912 1617 motricibus
1951 1555 2089 1615 SD
2112 1576 2151 1615 ><
2188 1556 2250 1615 T
2272 1555 2331 1615 ἃ
2364 1556 2419 1615 S
2435 1556 2504 1614 D
2526 1575 2565 1614 ><
2590 1554 2668 1624 L,

222 1660 364 1741 quae
410 1672 556 1720 sunt
601 1672 671 1720 ut
722 1679 995 1738 corpora,
1030 1657 1335 1718 trahendo
1387 1676 1647 1735 corpora
1695 1652 1797 1714 illa
1841 1652 2164 1734 aequaliter
2213 1653 2273 1713 8c
2325 1652 2669 1713 secundum

221 1757 415 1819 lineas
457 1758 583 1829 TI,
615 1757 783 1829 LK,
818 1757 933 1837 ipsi
964 1757 1110 1816 DS
1154 1753 1493 1836 parallelaS,
1528 1752 1611 1814 nil
1658 1766 1900 1813 mutant
1944 1752 2097 1812 situs
2141 1773 2356 1812 eorum
2403 1750 2482 1810 ad
2516 1750 2669 1809 invi-

223 1878 374 1928 cem,
407 1856 519 1917 sed
570 1855 803 1916 faciunt
853 1869 922 1915 ut
970 1856 1104 1935 ipsa
1151 1852 1472 1934 aequaliter
1510 1852 1810 1912 accedant
1855 1851 1935 1911 ad
1985 1850 2210 1911 lineam
2262 1851 2310 1909 J
2326 1850 2406 1909 K
2417 1875 2440 1918 ,·
2484 1870 2671 1928 quam

224 1957 474 2017 ductam
522 1955 778 2035 concipe
826 1975 939 2034 per
984 1954 1258 2014 medium
1313 1951 1587 2031 corporis
1634 1951 1699 2021 S,
1735 1950 1795 2010 &
1847 1949 2027 2010 lineae
2075 1950 2221 2009 DS
2264 1948 2669 2027 perpendicu-

224 2052 431 2114 larem.
528 2052 912 2132 Impedietur
962 2065 1170 2111 autem
1221 2051 1336 2110 iste
1383 2049 1462 2108 ad
1495 2047 1720 2108 lineam
1763 2048 1903 2107 JK
1941 2068 2224 2107 accessus
2269 2045 2554 2105 faciendo
2606 2057 2676 2104 ut

224 2165 500 2232 systema
546 2172 872 2231 corporum
937 2150 1000 2209 T
1048 2150 1108 2210 &
1165 2149 1225 2209 L
1289 2170 1367 2208 ex
1420 2167 1544 2206 una
1602 2159 1792 2225 parte,
1849 2145 1909 2206 &
1961 2167 2183 2224 corpus
2238 2146 2293 2204 S
2335 2167 2414 2204 ex
2461 2143 2670 2214 altera,

216 2251 402 2332 justis
443 2271 583 2310 cum
630 2248 1076 2317 velocitatibus,
1108 2259 1408 2327 gyrentur
1447 2245 1606 2304 circa
1646 2265 1975 2304 commune
2021 2244 2345 2325 gravitatis
2394 2231 2673 2302 centrum

231 2349 296 2410 C.
392 2347 532 2408 Tali
565 2361 735 2409 motu
768 2368 989 2426 corpus
1022 2346 1087 2415 S,
1121 2366 1196 2404 eo
1233 2343 1401 2423 quod
1446 2364 1690 2402 summa
1737 2342 1960 2402 virium
2009 2342 2354 2403 motricium
2387 2342 2526 2400 SD
2548 2360 2587 2399 ><
2624 2340 2686 2399 T

227 2447 287 2508 &
319 2448 375 2507 S
387 2447 622 2519 DxL,
656 2445 966 2505 distantiae
1004 2445 1061 2504 C
1078 2444 1133 2503 S
1158 2439 1725 2522 proportionalium,
1777 2441 1975 2510 tendit
2022 2461 2240 2500 versus
2288 2451 2566 2498 centrum
2604 2437 2673 2512 C,

225 2545 518 2606 describit
568 2543 810 2624 ellipsin
859 2545 1019 2603 circa
1072 2543 1236 2602 idem
1297 2542 1352 2601 C
1366 2566 1388 2609 ,·
1456 2539 1515 2599 &
1569 2552 1867 2618 punctum
1913 2540 1997 2609 D,
2048 2538 2130 2599 ob
2178 2535 2672 2616 proportionales

230 2644 286 2704 C
301 2644 367 2719 S,
422 2643 478 2703 C
489 2643 573 2713 D,
620 2641 930 2702 describet
973 2639 1213 2719 ellipsin
1267 2637 1649 2699 consimilem
1703 2659 1738 2697 e
1788 2638 2060 2718 regione.
2154 2637 2434 2715 Corpora
2464 2650 2675 2696 autem

237 2742 301 2802 T
314 2741 374 2801 &
402 2741 482 2811 L,
515 2741 748 2800 viribus
781 2739 1137 2800 motricibus
1172 2739 1310 2798 SD
1332 2757 1372 2797 ><
1409 2736 1470 2796 T
1492 2736 1552 2796 ἃ
1585 2737 1724 2797 SD
1746 2756 1785 2795 ><
1810 2736 1888 2805 L,
1922 2735 2091 2814 prius
2123 2735 2341 2813 priore,
2370 2735 2675 2814 posterius

225 2838 580 2919 posteriore,
624 2836 945 2917 aequaliter
992 2836 1052 2896 &
1099 2835 1441 2896 secundum
1489 2834 1683 2894 lineas
1729 2831 2052 2913 parallelas
2114 2834 2231 2892 TI
2273 2832 2333 2892 ἃ
2384 2833 2553 2903 LK,
2608 2847 2677 2892 ut

225 2937 458 2998 dictum
518 2949 628 3007 est,
690 2949 965 3006 attracta,
1028 2947 1291 3015 pergent
1354 2932 1491 3014 (per
1548 2931 1757 3013 legum
1825 2930 2213 2993 corollarium
2267 2932 2552 3011 quintum
2615 2931 2674 2991 &

226 3033 496 3115 sextum)
532 3035 691 3094 circa
742 3047 1020 3094 centrum
1070 3032 1298 3093 mobile
1342 3033 1413 3092 D
1459 3030 1707 3111 ellipses
1760 3052 1904 3090 suas
1952 3030 2319 3102 describere,
2369 3042 2438 3089 ut
2489 3030 2673 3109 priuS.

229 3133 303 3208 Q.
326 3133 409 3194 E.
432 3123 489 3194 I.

341 3231 637 3291 Addatur
656 3231 790 3312 jam
820 3252 1042 3310 corpus
1088 3242 1376 3309 quartum
1424 3229 1495 3303 V,
1531 3227 1591 3289 &
1635 3226 1818 3287 simili
1865 3240 2234 3309 argumento
2279 3224 2679 3286 concludetur

227 3328 343 3389 hoc
392 3328 453 3390 &
503 3342 798 3409 punctum
864 3329 922 3389 C
975 3326 1222 3407 ellipses
1274 3327 1434 3387 circa
1484 3326 1761 3388 omnium
1813 3347 2144 3386 commune
2202 3338 2479 3384 centrum
2536 3346 2678 3405 gra-

226 3429 436 3489 vitatis
494 3429 559 3489 B
615 3429 1001 3500 describere;
1076 3427 1474 3487 manentibus
1531 3426 1802 3487 motibus
1862 3425 2135 3504 priorum
2195 3444 2520 3502 corporum
2606 3423 2674 3493 T,

227 3526 289 3586 L
324 3525 384 3587 &
427 3527 484 3586 S
525 3527 685 3587 circa
730 3540 942 3587 centra
987 3527 1058 3586 D
1105 3525 1166 3586 &
1218 3526 1286 3598 C,
1337 3525 1450 3585 sed
1498 3522 1870 3584 acceleratis,
1966 3523 2055 3582 Et
2105 3507 2328 3582 eadem
2378 3520 2675 3581 methodo

229 3645 488 3705 corpora
518 3625 695 3706 plura
724 3626 1065 3707 adjungere
1096 3623 1317 3685 licebit.
1413 3624 1486 3698 Q.
1509 3624 1590 3684 E.
1619 3624 1675 3684 J.

348 3724 510 3784 Haec
541 3725 626 3784 ita
654 3746 724 3785 se
775 3724 1022 3795 habent,
1056 3723 1172 3784 etsi
1217 3744 1476 3802 corpora
1516 3723 1579 3782 T
1602 3722 1662 3782 8ῑ
1691 3721 1752 3781 L
1792 3718 2047 3780 trahunt
2089 3738 2158 3777 se
2190 3728 2407 3776 mutuo
2437 3713 2672 3774 viribus

230 3819 754 3885 acceleratricibus
785 3821 1118 3904 majoribus
1149 3820 1250 3884 vel
1282 3821 1621 3882 minoribus
1652 3840 1840 3901 quam
1871 3817 2097 3898 quibus
2128 3815 2379 3876 trahunt
2419 3833 2676 3892 corpora
