2852 4250
166 123 282 202 158
522 73 525 76 γ
979 120 1096 169 DE
1127 119 1249 171 Mo
1257 119 1366 170 TU
1397 116 1704 170 CORPOR
1715 118 1840 169 ΠΜ

150 291 218 353 Ρ
251 290 317 352 T
322 291 392 352 F
427 301 598 351 recta
641 286 745 349 axi
790 285 1089 369 parallela
1132 308 1248 369 per
1291 308 1519 368 corpus
1564 283 1893 355 transienS,
1929 280 1992 343 81
2033 281 2096 343 G
2115 282 2191 354 F,
2224 282 2275 343 I
2283 282 2374 344 H
2395 296 2585 348 rectae
2614 307 2655 348 a

154 390 404 473 punctis
435 390 495 451 G
526 389 588 451 8c
616 389 667 450 I
690 388 752 450 in
780 386 1144 470 parallelam
1177 386 1346 450 illam
1376 387 1538 450 PH
1552 386 1616 446 T
1612 386 1684 446 F
1703 378 2311 465 perpendiculariter
2333 381 2650 448 demissae.
2715 440 2720 447 .

158 492 323 553 Dico
347 492 496 574 jam,
530 489 702 578 quod
748 510 897 550 area
939 489 1009 550 A
1040 489 1192 561 ΟΡ,
1227 488 1405 549 radio
1455 487 1512 548 Ο
1534 486 1600 546 Ρ
1643 483 1724 545 ab
1756 482 1935 544 initio
1966 493 2177 542 motus
2207 479 2539 563 descripta,
2573 483 2656 544 sit

157 592 426 673 tempori
471 587 973 672 proportionalis
1080 588 1252 649 Nam
1298 588 1396 649 vis
1454 585 1519 647 T
1531 586 1593 647 G
1641 583 1780 665 (per
1822 581 2037 664 legum
2083 579 2269 643 corol.
2327 581 2388 666 2)
2461 581 2651 645 resol-

153 693 324 754 vitur
354 692 415 753 in
454 691 621 752 vires
664 690 730 751 T
735 690 811 762 F,
843 689 914 750 F
928 689 1030 760 G,·
1062 687 1124 749 &
1154 688 1251 749 vis
1294 687 1415 748 TI
1445 686 1507 747 in
1554 685 1722 746 vires
1781 683 1948 756 ΤΗ,
1981 682 2135 745 HI.
2206 682 2395 744 Vires
2439 698 2653 746 autem

164 794 229 854 Τ
235 794 310 866 F,
357 793 421 853 T
428 792 517 853 H
551 789 803 873 agendo
855 787 1205 849 secundum
1251 786 1483 849 lineam
1527 786 1682 847 PF
1716 782 1907 866 plano
1949 784 2018 845 A
2047 784 2193 845 ΟΡ
2236 786 2652 866 perpendicu-

149 890 345 953 larem
427 902 675 951 mutant
761 887 1164 949 solummodo

151 1006 394 1054 motum
477 988 756 1069 corporis
846 1001 1161 1068 quatenus

147 1092 290 1154 huic
327 1089 515 1172 plano
551 1085 1153 1170 perpendicularem.

151 1193 434 1273 Ideoque
455 1203 663 1251 motus
685 1188 819 1269 ejus
844 1201 1158 1268 quatenus

144 1291 492 1354 secundum
553 1289 932 1371 positionem
987 1287 1157 1368 plani

142 1393 360 1466 factu5‚
395 1392 515 1454 hoc
546 1404 658 1463 est,
696 1403 906 1451 motus
940 1388 1156 1469 puncti

141 1495 220 1567 P,
255 1516 382 1575 quo
414 1491 786 1575 trajectoriae
812 1490 1154 1572 vestigium

142 1594 211 1655 A
227 1595 291 1654 P
315 1594 376 1654 in
409 1592 527 1654 hoc
552 1589 741 1673 plano
765 1590 1153 1662 describitur,

143 1693 312 1755 idem
373 1706 470 1754 est
529 1714 601 1752 ac
654 1690 706 1752 si
767 1691 933 1752 vires
1007 1690 1071 1750 T
1078 1690 1153 1762 F,

154 1794 219 1855 Τ
227 1794 315 1855 Η
364 1791 744 1864 tollerentur,
809 1791 871 1852 ἃ
930 1813 1158 1872 corpus

140 1891 290 1956 solis
335 1893 573 1955 viribus
625 1893 696 1952 F
710 1892 784 1966 G,
838 1892 927 1952 H
935 1892 984 1951 l
1029 1891 1158 1974 agi-

141 2006 410 2067 taretur;
458 1993 577 2054 hoc
623 2005 734 2064 est,
770 1991 938 2052 idem
985 2014 1058 2052 ac
1103 1991 1155 2052 si

142 2115 369 2174 corpus
419 2093 481 2154 in
534 2092 726 2174 plano
773 2093 842 2152 A
874 2093 1033 2166 ΟΡ,
1090 2094 1153 2154 νί

141 2194 489 2275 centripeta
570 2193 651 2254 ad
731 2206 1016 2254 centrum
1097 2195 1155 2255 Ο

142 2294 445 2355 tendente
479 2293 540 2355 ἆ
570 2315 885 2354 summam
923 2294 1151 2355 virium

137 2397 209 2457 F
228 2396 288 2457 G
337 2395 398 2456 ἃ
450 2396 537 2456 H
546 2396 596 2455 l
641 2408 953 2476 aequante,
1006 2395 1149 2457 des-

138 2496 405 2558 criberet
440 2518 698 2557 curvam
746 2497 814 2556 A
843 2498 921 2559 P.
1018 2497 1151 2558 Sed

134 2597 199 2658 vi
232 2595 338 2658 tali
363 2596 737 2658 describitur
760 2619 908 2659 area
930 2598 999 2658 A
1021 2598 1156 2659 ΟῬ

143 2696 281 2781 (per
310 2719 483 2778 prop.
528 2697 583 2780 1)
619 2699 889 2779 tempori
922 2695 1425 2779 proportionalis,
1522 2696 1597 2772 Q.
1623 2696 1705 2758 E.
1730 2696 1817 2758 D.

256 2799 454 2860 Corol.
507 2799 758 2860 Eodem
805 2813 1181 2882 argumento
1227 2799 1278 2860 si
1326 2820 1569 2880 corpuS,
1605 2820 1643 2859 a
1687 2797 1928 2860 viribus
1969 2798 2280 2882 agitatum
2313 2800 2395 2862 ad
2429 2813 2649 2863 centra

135 2898 265 2983 duo
310 2897 411 2960 vel
458 2897 637 2979 plura
662 2900 724 2960 in
771 2900 996 2961 eadem
1044 2901 1269 2982 quavis
1316 2913 1488 2962 recta
1539 2900 1597 2961 C
1618 2900 1675 2961 Ο
1727 2898 1880 2961 data
1932 2900 2358 2974 tendentibuS‚
2407 2901 2642 2964 descri-

136 3000 317 3062 beret
362 3000 423 3061 in
469 3001 674 3081 spatio
719 2999 917 3063 libero
962 3000 1193 3063 lineam
1247 3022 1694 3084 quamcunque
1739 3023 2000 3063 curvam
2046 3001 2105 3063 S
2131 3002 2196 3063 T
2203 3028 2231 3075 ,·
2283 3001 2447 3065 foret
2497 3024 2647 3064 area

137 3101 207 3162 A
238 3101 377 3163 ΟΡ
406 3102 675 3183 tempori
707 3123 960 3183 semper
988 3101 1491 3184 proportionalis,
