2846 4224
1119 83 1375 135 LEGES
1410 86 1527 136 Mo
1535 88 1684 136 TUS.
2549 121 2618 176 19

852 384 1716 448 COROLLARIUM
1816 389 1943 449 IV.

178 582 507 670 Commune
539 580 882 663 gravitatis
928 587 1205 642 centrum
1246 588 1566 660 corporum
1615 580 1881 641 duorum
1925 583 2023 642 vel
2047 583 2361 662 plurium,
2408 586 2484 645 ab
2525 609 2617 647 ac-

256 693 522 754 tionibus
575 700 898 772 corporum
953 691 1124 753 inter
1179 715 1252 767 se,
1309 714 1433 753 non
1489 699 1696 751 mutat
1748 700 1980 753 statum
2035 716 2216 755 suum
2275 697 2372 756 vel
2422 706 2617 759 motus

255 806 354 865 vel
385 804 633 885 quietis‚·
679 806 761 869 ὦ)
786 812 1115 884 propterea
1158 813 1479 885 corporum
1522 805 1799 865 omnium
1841 806 1910 865 in
1953 828 2013 866 se
2043 815 2256 867 mutuo
2301 810 2614 888 agentium

252 917 542 994 (exclusis
596 916 933 978 actionibus
992 919 1074 982 ὣ)
1130 917 1571 999 impedimentis
1626 918 1923 993 externis)
1979 941 2288 981 commune
2341 930 2615 982 centrum

242 1029 586 1111 gravitatis
614 1030 712 1090 vel
730 1029 979 1110 quiescit
1005 1032 1103 1091 vel
1123 1037 1401 1091 movetur
1425 1029 1831 1108 uniformiter
1855 1031 1924 1092 in
1953 1032 2263 1094 directum.

285 1223 453 1284 Nam
503 1224 556 1284 si
606 1236 837 1303 puncta
882 1224 1009 1286 duo
1056 1224 1534 1306 progrediantur
1579 1224 1867 1285 uniformi
1919 1247 2058 1286 cum
2107 1240 2276 1287 motu
2327 1228 2387 1287 in
2435 1226 2611 1288 lineis

169 1321 363 1393 rectiS,
398 1321 459 1383 8ε
501 1321 796 1382 distantia
838 1344 1054 1383 eorum
1098 1323 1414 1383 dividatur
1444 1323 1504 1382 in
1536 1323 1773 1384 ratione
1803 1324 1963 1395 data,
1997 1338 2293 1404 punctum
2324 1326 2610 1387 dividens

167 1418 268 1481 vel
313 1419 574 1500 quiescit
601 1417 703 1480 vel
747 1421 1145 1500 progreditur
1187 1420 1576 1487 uniformiter
1620 1421 1680 1481 in
1726 1420 1889 1482 linea
1932 1436 2113 1484 recta.
2211 1424 2356 1484 Hoc
2393 1438 2611 1504 postea

163 1518 224 1579 in
282 1517 574 1592 lemmate
631 1538 796 1578 xxm
863 1520 1124 1600 ejusque
1181 1517 1502 1580 corollario
1586 1519 2061 1592 demonstratur,
2123 1522 2173 1581 si
2241 1505 2608 1601 punctorum

166 1630 370 1679 motus
414 1617 566 1678 fiant
609 1618 671 1678 in
715 1617 939 1678 eodem
984 1615 1195 1697 plano;
1263 1616 1324 1677 &
1368 1616 1589 1677 eadem
1630 1618 1868 1679 ratione
1916 1619 2326 1680 demonstrari
2380 1634 2609 1700 potest,

165 1717 218 1778 si
254 1729 458 1779 motus
498 1715 580 1777 illi
621 1738 745 1778 non
785 1717 936 1777 fiant
974 1717 1034 1776 in
1072 1716 1295 1777 eodem
1333 1714 1535 1795 plano.
1632 1716 1806 1797 Ergo
1844 1717 1894 1777 si
1927 1739 2184 1797 corpora
2214 1732 2611 1798 quotcunque

166 1829 495 1877 moventur
539 1815 926 1877 uniformiter
977 1815 1038 1875 in
1090 1811 1267 1875 lineis
1320 1814 1517 1885 rectis,
1573 1835 1901 1875 commune
1953 1829 2232 1876 centrum
2282 1817 2607 1897 gravitatis

164 1913 427 1976 duorum
474 1915 836 1995 quorumvis
880 1912 981 1975 vel
1029 1913 1291 1993 quiescit
1329 1912 1429 1973 vel
1467 1914 1862 1994 progreditur
1906 1913 2292 1974 uniformiter
2339 1915 2399 1974 in
2447 1913 2609 1975 linea

164 2025 354 2084 recta;
405 2025 735 2093 propterea
781 2012 951 2093 quod
1002 2010 1179 2082 linea,
1235 2011 1455 2071 horum
1504 2033 1830 2091 corporum
1879 2025 2089 2072 centra
2137 2012 2197 2071 in
2246 2013 2426 2072 rectis
2473 2014 2606 2072 uni-

161 2108 440 2173 formiter
484 2111 947 2192 progredientia
983 2110 1271 2190 jungen5‚
1304 2109 1603 2170 dividitur
1651 2111 1731 2170 ab
1776 2109 1893 2169 hoc
1938 2122 2149 2169 centro
2189 2111 2499 2170 communi
2546 2111 2607 2169 in

163 2208 400 2269 ratione
464 2209 626 2270 data.
740 2207 1038 2269 Similiter
1103 2207 1163 2267 &
1220 2229 1549 2268 commune
1607 2221 1886 2268 centrum
1945 2207 2165 2267 horum
2224 2208 2486 2268 duorum
2547 2207 2607 2268 &

162 2307 325 2368 tertii
370 2307 641 2388 cujusvis
671 2305 772 2367 vel
818 2305 1079 2386 quiescit
1107 2303 1207 2365 vel
1253 2305 1647 2386 progreditur
1689 2305 2073 2366 uniformiter
2109 2306 2169 2364 in
2214 2304 2376 2365 linea
2406 2318 2606 2376 recta;

162 2418 492 2485 propterea
535 2405 704 2486 quod
748 2406 828 2465 ab
873 2427 949 2466 eo
993 2404 1291 2464 dividitur
1333 2404 1628 2464 distantia
1670 2404 1863 2463 centri
1905 2403 2247 2464 communis
2279 2425 2605 2482 corporum

160 2502 423 2566 duorum
472 2503 532 2564 &
579 2504 772 2564 centri
812 2503 1085 2583 corporis
1131 2503 1293 2563 tertii
1340 2503 1399 2562 in
1446 2503 1593 2563 data
1636 2503 1888 2563 ratione.
2006 2501 2251 2562 Eodem
2305 2501 2492 2562 modo
2546 2501 2605 2561 &

161 2621 488 2664 commune
538 2615 816 2663 centrum
865 2602 1084 2663 horum
1133 2602 1318 2662 trium
1367 2602 1427 2662 82
1479 2602 1680 2682 quarti
1729 2600 2000 2681 cujusvis
2047 2598 2147 2660 vel
2196 2601 2458 2679 quiescit
2502 2598 2603 2659 vel

161 2701 551 2782 progreditur
595 2700 980 2761 uniformiter
1031 2701 1092 2760 in
1140 2698 1304 2760 linea
1350 2712 1550 2771 recta;
1602 2712 1932 2779 propterea
1982 2698 2151 2778 quod
2202 2699 2282 2758 ab
2327 2720 2403 2759 eo
2447 2698 2602 2757 divi-

161 2797 327 2859 ditur
381 2799 675 2860 distantia
733 2800 893 2860 inter
949 2811 1229 2859 centrum
1296 2819 1626 2859 commune
1685 2798 1869 2857 trium
1930 2796 1990 2857 &
2049 2808 2327 2856 centrum
2402 2795 2602 2875 quarti

161 2894 222 2955 in
272 2895 420 2957 data
465 2897 718 2969 ratione,
770 2896 830 2957 &
876 2896 965 2956 sic
1012 2896 1073 2955 in
1123 2896 1443 2957 infinitum.
1542 2897 1741 2977 Igitur
1785 2896 1846 2955 in
1891 2907 2229 2975 systemate
2260 2915 2601 2973 corporum,

67 3017 70 3022 ·
129 3003 302 3074 'quae
358 2996 701 3057 actionibus
762 2995 822 3055 in
883 3016 952 3055 se
1006 2995 1269 3055 invicem
1321 2994 1580 3074 aliisque
1641 2995 1927 3055 omnibus
1982 2995 2041 3053 in
2094 3015 2162 3053 se
2221 2994 2602 3053 extrinsecus

162 3089 474 3171 impressis
521 3094 775 3155 omnino
825 3106 1066 3164 vacant,
1118 3093 1384 3173 ideoque
1432 3106 1762 3154 moventur
1812 3090 2056 3173 singula
2106 3090 2491 3151 uniformiter
2542 3091 2602 3149 in

161 3190 341 3251 rectis
384 3190 658 3273 singuliS,
691 3214 1020 3253 commune
1063 3193 1342 3253 omnium
1387 3206 1665 3254 centrum
1709 3191 2034 3273 gravitatis
2066 3187 2165 3249 vel
2211 3189 2471 3268 quiescit
2500 3185 2600 3247 vel

160 3300 446 3350 movetur
473 3289 860 3351 uniformiter
890 3291 950 3351 in
981 3291 1299 3352 directum.

275 3387 467 3449 Porro
519 3389 580 3449 in
631 3402 971 3469 systemate
1022 3390 1286 3451 duorum
1339 3411 1666 3470 corporum
1721 3390 1781 3449 in
1833 3410 1902 3448 se
1955 3386 2219 3447 invicem
2266 3384 2599 3465 agentium,

160 3501 299 3543 eum
342 3484 654 3547 distantiae
698 3499 1049 3548 centrorum
1094 3488 1415 3568 utriusque
1459 3510 1498 3547 a
1540 3485 1852 3548 communi
1881 3484 2205 3565 gravitatis
2236 3495 2447 3542 centro
2478 3481 2602 3539 sint

160 3581 468 3661 reciproce
513 3596 584 3644 ut
628 3605 921 3664 corpora;
966 3598 1148 3646 erunt
1198 3599 1403 3646 motus
1452 3584 1691 3646 relativi
1739 3605 2065 3663 corporum
2111 3579 2466 3649 eorundem,
2499 3576 2599 3638 vel

161 3679 495 3740 accedendi
542 3682 623 3742 ad
671 3696 951 3744 centrum
1000 3682 1149 3744 illud
1193 3682 1295 3744 vel
1339 3685 1419 3744 ab
1464 3684 1686 3744 eodem
1733 3682 2077 3751 recedendi,
2126 3677 2395 3759 aequales
2443 3678 2601 3736 inter

159 3783 242 3836 se.
365 3777 632 3840 Proinde
689 3794 968 3841 centrum
1029 3780 1176 3841 illud
1235 3803 1273 3841 a
1330 3794 1609 3842 motuum
1668 3779 2009 3860 aequalibus
2055 3776 2493 3837 mutationibus
2540 3774 2599 3831 in
