2852 4250
0 1996 21 2144 tebnqw‘
8 1958 17 1982 ,.,
10 1942 14 1946 .
5 1895 17 1931 „2

6 2798 13 2807 ·
11 2765 14 2771 ·
7 2683 27 2743 N..
11 2657 21 2671 .
0 2584 22 2638 vu
0 2504 23 2571 αἱς
0 2453 25 2489 *v
4 2371 22 2439 §tw
0 2287 22 2356 *ζ’-’ἱ

23 3467 37 3475 .·
6 3302 35 3451 ‘M‘m
4 3123 35 3279 vast&
10 3030 30 3093 ·T-·‘··

1114 94 1353 144 LIBER
1386 94 1694 145 PRIMUS.
2503 122 2533 161 2
2546 123 2575 161 2
2591 119 2621 179 7

322 505 949 567 PROPOSITIO
1027 504 1354 566 XCVII.
1500 505 2111 566 PROBLEMA·
2163 506 2484 569 XLVII.

187 692 397 752 Posito
449 690 616 771 quoa'
661 691 836 751 sinus
890 688 1233 750 incia'entiae
1285 689 1356 749 in
1403 690 1778 770 superficiem
1827 691 2105 772 aliquam
2153 692 2238 752 sit
2290 692 2380 752 aa'
2419 693 2627 753 sinam

270 803 642 883 emergentia·
668 803 737 862 in
765 801 915 861 a'ata
950 802 1190 861 ratione
1203 828 1229 873 ,·
1268 803 1540 882 quodque
1576 804 1922 864 incurvatio
1950 805 2066 865 viae
2101 814 2422 885 corporum
2434 807 2633 885 juxta

269 915 643 995 superficiem
713 915 895 974 illam
945 913 1085 993 fiat
1152 914 1221 973 in
1291 915 1488 993 spatio
1559 917 1918 993 brevissimo,
1978 919 2143 998 qnod
2206 926 2281 979 nt
2325 927 2633 998 punctum

269 1028 646 1089 considerari
666 1027 867 1107 possit
888 1052 908 1088 .-
970 1026 1376 1087 determinare
1413 1029 1805 1109 superficiem,
1846 1052 1982 1110 qnoe
2027 1033 2379 1110 corpuscula
2427 1035 2634 1093 omnia

267 1138 341 1198 de
384 1139 504 1199 loco
553 1138 696 1198 dato
736 1137 1044 1199 succassive
1082 1138 1410 1198 manantia
1450 1160 1801 1220 convergere
1820 1140 2037 1220 faciat
2075 1143 2166 1202 aa'
2198 1143 2398 1204 alium
2442 1145 2633 1205 locum

270 1250 503 1311 datum.

299 1417 398 1478 Sit
424 1418 493 1478 A
529 1416 698 1479 locus
742 1440 781 1479 a
824 1440 950 1499 quo
993 1419 1358 1499 corpuscula
1401 1420 1774 1503 divergunt;
1840 1423 1906 1482 B
1948 1421 2120 1484 locus
2165 1424 2226 1484 in
2272 1446 2459 1504 quem
2490 1448 2632 1488 con-

96 1539 103 1546 ·
185 1535 446 1596 vergere
492 1515 758 1590 debent;
810 1517 867 1577 C
878 1517 1034 1577 DE
1076 1538 1266 1577 curva
1318 1515 1482 1578 linea
1527 1539 1669 1598 quae
1717 1519 1877 1579 circa
1922 1541 2105 1580 axem
2152 1523 2220 1581 A
2245 1523 2310 1581 B
2355 1523 2636 1585 revoluta

186 1610 497 1673 describat
553 1613 942 1692 superficiem
1002 1614 1370 1693 quaesitam;
1444 1616 1529 1687 D,
1581 1616 1652 1675 E
1718 1637 1926 1677 curvae
1996 1616 2154 1678 illius
2222 1633 2454 1698 puncta
2509 1622 2636 1683 duo

147 1760 151 1764 ,
187 1710 461 1789 quaevis;
508 1709 569 1770 &
596 1711 744 1782 EF,
776 1711 846 1770 E
856 1711 916 1771 G
944 1711 1433 1790 perpendicula
1418 1733 1479 1772 m
1511 1714 1783 1795 corporis
1814 1716 1948 1775 vias
1977 1718 2045 1776 A
2060 1718 2144 1788 D,
2176 1718 2321 1777 DB
2349 1718 2633 1781 demissa.

187 1807 471 1869 Accedat
527 1821 827 1888 punctum
884 1810 956 1869 D
1012 1810 1093 1869 ad
1151 1823 1449 1889 punctum
1506 1812 1615 1882 E‚·
1688 1811 1749 1871 &
1806 1811 1987 1874 lineae
2054 1816 2219 1887 DF,
2282 1837 2406 1895 qua
2467 1818 2536 1877 A
2565 1818 2636 1877 D

187 1918 464 2016 augetur,
497 1906 578 1966 ad
608 1904 836 1967 lineam
865 1908 936 1966 D
964 1907 1036 1979 G,
1070 1929 1195 1987 qua
1222 1909 1294 1967 D
1313 1909 1380 1968 B
1407 1908 1784 1981 diminuitur,
1819 1912 1975 1973 ratio
2004 1911 2221 1974 ultima
2251 1915 2367 1975 erit
2408 1915 2629 1976 eadem

192 2024 335 2082 quae
406 2003 578 2064 sinus
651 2004 1001 2065 incidentiae
1066 2006 1147 2065 ad

192 2101 396 2160 sinum
426 2102 846 2182 emergentiae.
942 2102 1148 2163 Datur

187 2219 340 2279 ergo
370 2199 526 2260 ratio
567 2199 928 2259 incrementi
963 2198 1144 2261 lineae

187 2297 334 2357 AD
363 2296 444 2356 ad
475 2296 941 2357 decrementum
965 2280 1145 2358 lineae

187 2395 363 2465 DB,·
409 2393 469 2453 &
498 2406 829 2473 propterea
858 2394 909 2453 si
935 2394 995 2453 in
1027 2416 1144 2454 axe
1193 2410 1235 2447 A

183 2493 253 2552 A
279 2493 345 2552 B
401 2505 681 2552 sumatur
726 2492 930 2551 ubivis
977 2506 1276 2571 punctum
1342 2494 1406 2564 C,
1440 2515 1554 2573 per
1603 2494 1773 2573 quod
1832 2515 2023 2554 curva
2086 2496 2143 2555 C
2162 2496 2318 2555 DE
2372 2495 2633 2555 transire

125 2612 131 2618 ·
186 2590 390 2661 debet,
425 2589 486 2650 &
515 2590 794 2668 capiatur
836 2590 1029 2669 ipsius
1059 2592 1127 2650 A
1160 2592 1216 2652 C
1241 2593 1689 2653 incrementum
1727 2593 1886 2653 CM
1905 2592 2033 2651 ad
2019 2592 2211 2671 1psius
2254 2593 2319 2651 B
2343 2592 2399 2651 C
2421 2592 2630 2652 decre-

186 2699 464 2748 mentum
518 2688 675 2748 CN
721 2688 782 2747 in
834 2688 982 2748 data
1041 2687 1142 2748 illa
1203 2690 1456 2761 ratione,
1517 2690 1868 2769 centrisque
1916 2690 2007 2761 A,
2055 2691 2134 2761 B,
2190 2689 2250 2749 8:
2298 2687 2634 2749 intervallis

184 2785 254 2845 A
287 2786 387 2857 M
445 2786 511 2845 B
538 2786 623 2845 N
676 2786 1106 2847 describantur
1163 2786 1370 2848 circuli
1429 2787 1556 2848 duo
1613 2809 1683 2848 se
1755 2800 1971 2847 mutuo
2043 2800 2328 2848 secantes
2402 2787 2464 2846 in
2521 2787 2634 2857 D,-

184 2899 480 2966 punctum
511 2886 660 2948 illud
689 2889 761 2948 D
789 2901 1007 2970 tanget
1050 2911 1309 2950 curvam
1354 2889 1682 2969 quaesitam
1732 2889 1789 2949 C
1804 2890 1875 2949 D
1895 2890 1976 2961 E,
2009 2889 2400 2969 eandemque
2429 2889 2632 2949 ubivis

186 2985 505 3065 tangendo
534 2985 987 3048 determinabit.
1082 2988 1156 3062 Q.
1181 2988 1262 3050 E.
1284 2989 1342 3048 J.

305 3082 502 3143 Corol.
547 3103 594 3144 1.
648 3084 965 3145 Faciendo
1014 3098 1224 3145 autem
1276 3096 1346 3144 ut
1395 3096 1693 3163 punctum
1738 3083 1807 3143 A
1865 3082 1965 3145 vel
2010 3084 2077 3143 B
2127 3105 2289 3144 nunc
2335 3085 2520 3145 abeat
2570 3086 2632 3146 in

184 3179 505 3252 infinitum,
539 3203 702 3243 nunc
731 3183 957 3264 migret
994 3183 1075 3243 ad
1120 3181 1348 3243 alteras
1393 3195 1602 3262 partes
1646 3181 1858 3262 puncti
1895 3183 1960 3256 C,
1995 3181 2388 3242 habebuntur
2416 3182 2631 3264 figurae

185 3273 305 3336 illae
356 3298 589 3350 omneS‚
639 3300 795 3358 quas
844 3279 1156 3339 Cartesins
1214 3279 1275 3339 in
1327 3279 1534 3358 optica
1585 3278 1646 3339 &
1701 3279 2046 3359 geometria
2095 3278 2177 3338 ad
2235 3279 2630 3340 resi-actiones

186 3375 487 3453 exposuit.
579 3374 862 3453 Quarum
907 3376 1332 3438 inventionem
1375 3398 1517 3437 cum
1568 3377 1879 3438 Cartesius
1921 3375 2227 3448 celaverit,
2269 3377 2474 3437 visum
2516 3377 2631 3436 fuit

186 3469 303 3530 hac
331 3472 753 3550 propositione
782 3494 1110 3551 exponere.

309 3568 505 3629 Corol.
544 3589 596 3630 2.
645 3569 716 3629 Si
760 3591 983 3649 corpus
1028 3571 1090 3630 in
1135 3570 1524 3651 superficiem
1569 3571 1855 3651 quamvis
1905 3571 1962 3631 C
1976 3572 2061 3642 D,
2094 3571 2434 3631 secundum
2477 3569 2625 3630 line-

186 3683 288 3723 am
335 3678 565 3726 rectam
616 3666 685 3726 A
709 3667 793 3739 D,
843 3665 982 3748 lege
1029 3669 1251 3748 quavis
1301 3668 1553 3728 ductam
1606 3668 1899 3740 incidenS,
1953 3682 2232 3749 emergat
2286 3668 2624 3729 secundum

187 3760 370 3822 aliam
410 3764 695 3843 quamvis
739 3777 970 3826 rectam
1019 3767 1199 3837 DK,
1232 3766 1293 3826 &
1336 3788 1374 3826 a
1417 3779 1647 3845 puncto
1696 3767 1753 3826 C
1789 3766 1930 3826 duci
1982 3764 2399 3846 intelligantur
2447 3763 2625 3824 lineae
