2852 4250
24 566 32 570 ,
132 519 258 560 non
308 496 581 566 elasticis
631 497 983 570 innotescit,
1038 496 1335 579 augenda
1386 496 1507 558 erit
1565 495 1704 558 haec
1764 496 2125 558 resistentia
2182 495 2660 582 aliquantulu-m'

42 2856 45 2859 .
147 2816 296 2863 sunt
342 2803 404 2864 in
451 2804 694 2865 ratione
757 2826 902 2885 quae
950 2803 1354 2884 componitur
1398 2824 1480 2864 ex
1529 2802 1851 2884 duplicata
1900 2805 2144 2866 ratione
2191 2802 2547 2867 velocitatis
2597 2804 2660 2867 &

132 147 252 208 342
967 130 1084 179 DE
1117 128 1357 180 MOTU
1381 100 1688 181 CORPOR
1701 130 1818 181 ΗΜ

128 297 211 358 de
285 295 495 357 fluidis
570 293 857 370 elasticis,
920 295 1036 358 sed
1110 295 1194 358 de
1267 317 1395 358 non
1471 293 1785 370 elasticis;
1857 316 1985 358 non
2060 295 2144 358 de
2217 270 2642 365 insidentibus

107 396 342 481 fluido,
377 396 491 458 sed
524 396 606 458 de
637 394 764 458 alte
796 397 1126 459 immersis,
1255 396 1345 457 Et
1389 395 1496 457 ubi
1535 395 1895 458 resistentia
1939 417 2276 477 corporum
2322 397 2386 459 in
2414 399 2644 463 fluidis

129 611 261 660 tam
294 599 356 659 in
389 598 598 659 fluidis
629 596 917 670 elasticis‚
952 596 1155 678 qualis
1187 610 1286 658 est
1315 618 1441 672 aer,
1489 617 1682 677 quam
1715 596 1778 657 in
1810 596 2266 678 superficiebus
2298 598 2640 663 fluidorum
2703 625 2710 631 ·

133 698 582 781 stagnantium,
617 695 827 779 qualia
857 710 1005 758 sunt
1036 697 1234 758 maria
1266 696 1328 758 &
1358 694 1642 778 paludes.

241 1031 882 1095 PROPOSITIO
964 1033 1441 1096 XXXVIII.
1562 1033 2179 1097 THEOREMA
2262 1035 2524 1099 XXX.

137 1230 333 1304 Gabi,
410 1231 480 1292 in
533 1230 751 1313 fluido
822 1241 1156 1314 compresso
1229 1233 1487 1311 infinito
1565 1235 1648 1300 ὅς’
1721 1255 1847 1295 non
1919 1233 2162 1295 elastico
2235 1231 2660 1315 uniformiter-

200 1346 679 1428 progredzentis,
717 1348 1062 1409 resistentia
1092 1357 1179 1411 est
1206 1349 1297 1410 aa'
1321 1350 1449 1410 vim
1477 1371 1605 1431 qua
1636 1357 1801 1411 totus
1829 1350 1962 1432 ejus
1984 1357 2201 1427 motus,
2234 1351 2355 1433 qua
2385 1358 2652 1432 tempore

218 1471 344 1524 octo
375 1464 594 1525 tertias
607 1471 831 1544 partes
858 1464 1161 1526 diametri
1184 1487 1314 1526 suae
1339 1465 1640 1538 describit,
1675 1466 1777 1526 vel
1814 1465 1960 1526 tolli
1968 1465 2174 1545 possit
2215 1466 2317 1527 vel
2327 1464 2647 1547 generari,
2745 1450 2789 1485 ⁷

220 1587 297 1639 ut
322 1578 594 1640 densitas
600 1579 816 1661 fluidi
838 1580 931 1641 ad
964 1580 1325 1642 densitatem
1344 1580 1523 1662 globi
1545 1580 2034 1662 quamproxime.

255 1790 428 1853 Nam
475 1791 706 1876 globus
761 1805 859 1855 est
908 1794 991 1855 ad
1041 1792 1396 1875 cylindrum
1449 1795 1992 1876 circumscriptum
2047 1807 2117 1856 ut
2165 1794 2295 1858 duo
2357 1795 2441 1857 ad
2489 1795 2649 1871 tria;

138 1890 199 1952 ἃ
223 1906 562 1974 propterea
593 1895 691 1955 vis
725 1892 842 1966 illa,
878 1916 1023 1975 quae
1056 1893 1277 1956 tollere
1308 1896 1513 1975 possit
1544 1909 1788 1957 motum
1820 1917 2077 1957 omnem
2111 1894 2377 1977 cylindri
2411 1896 2652 1958 interea
2847 1892 2852 1989 1

135 1991 288 2052 dum
343 1992 663 2074 cylindrus
713 1994 1031 2056 describat
1083 1993 1549 2078 longitudinem
1611 2009 1885 2076 quatuor
1944 1997 2415 2071 diametrorum,
2476 1995 2652 2080 globi
2819 1992 2852 2099 ’1

138 2109 381 2157 motum
442 2118 700 2158 omnem
761 2095 939 2159 tollet
1015 2098 1256 2159 interea
1322 2098 1476 2157 dum
1537 2095 1771 2180 globus
1833 2097 2155 2159 describat
2213 2098 2373 2160 duas
2434 2098 2652 2162 tertias
2823 2158 2852 2192 Ι

137 2211 350 2278 partes
383 2198 571 2281 hujus
603 2197 1035 2282 longitudini5‚
1071 2198 1133 2259 id
1167 2211 1283 2274 est,
1317 2211 1463 2260 octo
1509 2199 1728 2259 tertias
1774 2212 1989 2281 partes
2036 2198 2328 2260 diametri
2361 2200 2650 2281 propriae.
2821 2193 2852 2284 11

142 2298 533 2360 Resistentia
607 2313 821 2362 autem
897 2297 1164 2380 cylindri
1241 2311 1340 2359 est
1414 2298 1497 2359 ad
1574 2298 1738 2360 hanc
1812 2299 1946 2360 vim
2021 2300 2510 2381 quamproxime
2584 2313 2656 2362 ut
2818 2290 2833 2440 1

138 2399 421 2461 densitas
471 2400 646 2461 fluidi
696 2401 778 2461 ad
829 2400 1213 2462 densitatem
1264 2397 1531 2480 cylindri
1579 2398 1681 2461 vel
1732 2399 1907 2483 globi
1955 2423 2071 2482 per
2099 2423 2277 2483 prop.
2314 2421 2547 2463 XXXVII
2594 2401 2657 2464 ἃ

141 2500 497 2562 resistentia
540 2499 715 2584 globi
762 2499 1025 2582 aequalis
1072 2513 1171 2562 est
1219 2500 1597 2562 resistentiae
1647 2499 1914 2582 cylindri
1960 2523 2076 2582 per
2119 2499 2261 2563 lem.
2311 2522 2368 2576 v,
2413 2522 2497 2576 VI,
2543 2522 2651 2565 VII.

147 2602 408 2677 QEJ).

264 2704 466 2765 Corol.
528 2725 574 2765 1.
629 2703 1001 2776 Globorum‚
1067 2702 1129 2763 in
1181 2701 1409 2762 mediis
1485 2701 1867 2782 compressis
1940 2702 2216 2776 infinitis,
2279 2702 2657 2766 resistentiae

143 2903 461 2984 duplicata
492 2906 734 2967 ratione
766 2906 1057 2967 diametri
1092 2905 1152 2966 &
1186 2905 1430 2966 ratione
1461 2904 1796 2966 densitatis
1828 2905 2201 2967 mediorum.

267 3006 467 3067 Corol.
525 3027 576 3067 2.
630 3005 954 3068 Velocitas
1017 3007 1296 3067 maxima
1371 3029 1645 3088 quacum
1718 3005 1965 3089 globUS,
2036 3005 2101 3066 vi
2174 3004 2478 3086 ponderis
2562 3004 2660 3066 sui

145 3107 575 3187 comparativi,
633 3108 696 3168 in
758 3108 954 3170 fluido
1017 3108 1354 3169 resistente
1414 3120 1629 3189 potest
1688 3106 2098 3179 descendere,
2155 3128 2234 3168 ea
2292 3119 2391 3168 est
2465 3128 2659 3188 quam

149 3208 476 3289 acquirere
508 3220 722 3288 potest
750 3207 980 3290 globus
1014 3208 1200 3281 idem,
1228 3208 1457 3270 eodem
1482 3209 1784 3290 pondere,
1811 3209 1948 3270 sine
1980 3208 2340 3270 resistentia
2370 3208 2662 3291 cadendo

148 3306 210 3368 ἃ
242 3329 392 3368 casu
435 3330 552 3369 suo
598 3308 1019 3369 describendo
1063 3310 1339 3389 spatium
1386 3310 1560 3391 quod
1607 3309 1690 3371 sit
1734 3309 1816 3370 ad
1864 3321 2139 3390 quatuor
2181 3309 2400 3370 tertias
2446 3322 2660 3390 partes

143 3407 436 3468 diametri
483 3429 615 3468 suae
661 3419 733 3468 ut
777 3407 1059 3468 densitas
1104 3406 1281 3490 globi
1329 3410 1410 3470 ad
1458 3410 1841 3471 densitatem
1889 3408 2082 3470 fluidi.
2210 3408 2385 3470 Nam
2428 3407 2660 3492 globus

140 3521 429 3589 tempore
460 3529 643 3568 casus
675 3508 788 3580 sui,
816 3530 958 3569 cum
990 3507 1326 3570 velocitate
1359 3510 1650 3572 cadendo
1680 3509 2005 3591 acquisita,
2034 3509 2352 3571 describet
2382 3509 2660 3590 spatium

143 3608 317 3689 quod
378 3607 497 3669 erit
555 3608 637 3668 ad
714 3621 858 3670 octo
933 3609 1150 3670 tertias
1225 3609 1518 3671 diametri
1593 3633 1743 3684 suae,
1821 3623 1892 3673 ut
1965 3611 2251 3672 densitas
2323 3609 2500 3694 globi
2574 3610 2658 3672 ad

144 3708 527 3770 densitatem
578 3707 796 3770 fluidi:
868 3708 930 3769 ἃ
979 3709 1077 3770 vis
1140 3709 1442 3790 ponderis
1491 3723 1736 3772 motum
1787 3710 1955 3772 hunc
2022 3731 2341 3794 generans
2402 3710 2521 3772 erit
2579 3709 2662 3771 ad

141 3810 274 3871 vim
349 3831 495 3891 quae
566 3822 811 3871 motum
882 3810 1160 3871 eundem
1230 3831 1540 3891 generare
1604 3811 1823 3891 possit,
1887 3834 2019 3894 quo
2079 3826 2369 3894 tempore
2426 3810 2658 3895 globus

143 3925 288 3974 octo
349 3912 566 3974 tertias
623 3911 914 3974 diametri
976 3933 1109 3972 suae
1171 3910 1397 3973 eadem
1458 3909 1793 3975 velocitate
1854 3913 2170 3987 describit,
2233 3926 2304 3975 ut
2376 3912 2659 3976 densitas
