2852 4250
1173 148 1412 198 LIBER
1443 148 1753 200 PRIMUS.
2391 130 2396 134 '
2578 174 2598 213 ,
2614 173 2644 213 2
2658 170 2689 231 5

441 363 1066 440 PROPOSITIO
1157 363 1361 426 XLI.
1456 362 2021 424 PROBLEMA
2113 363 2501 427 XXVIII.

245 520 463 581 Posz'ta
504 518 910 599 cujuscunque
936 514 1182 596 genens
1222 514 1291 574 οἱ
1312 514 1643 594 centrz'peta
1675 515 1756 579 (ἶς’
1792 513 2069 574 concessis
2088 512 2465 594 figurarum
2493 516 2694 576 curvi-

333 618 644 679 lz'nearum
713 613 1140 696 quadraturis,
1211 612 1631 692 requiruntur
1697 619 1833 672 tum
1906 612 2271 691 trajectorz'ae
2341 612 2411 672 in
2481 614 2700 693 quibus

328 724 584 796 corpora
613 714 1031 786 movebuntur,
1064 719 1199 772 tum
1229 719 1500 792 tempora
1528 718 1806 771 motuum
1835 710 1904 771 z‘n
1935 710 2305 791 trajectorz'zs
2331 711 2610 773 inventis.

362 866 616 928 Tendat
657 865 754 926 vis
799 862 1094 945 quaelibet
1136 863 1217 923 ad
1262 875 1543 924 centrum
1594 863 1653 923 C
1690 862 1751 923 &
1795 861 2172 923 invenienda
2221 863 2304 923 sit
2353 864 2703 944 trajectoria

261 965 326 1026 V
333 965 382 1025 I
391 965 473 1024 K
481 965 537 1026 k.
634 964 839 1024 Detur
876 959 1136 1022 circulus
1188 961 1328 1021 VR
1378 973 1592 1022 centro
1648 961 1706 1021 C
1751 959 2076 1022 intervallo
2124 961 2349 1041 quovis
2400 962 2457 1022 C
2488 962 2552 1021 V
2593 961 2699 1022 de-

245 1063 524 1143 scriptus,
575 1074 914 1141 centroque
965 1059 1189 1122 eodem
1234 1059 1664 1120 describantur
1706 1057 1807 1118 alii
1853 1060 2058 1139 quivis
2103 1059 2311 1120 circuli
2355 1061 2404 1120 J
2415 1061 2500 1132 D,
2546 1060 2628 1120 K
2637 1061 2707 1120 E

244 1160 657 1243 trajectoriam
701 1172 984 1220 secantes
1029 1159 1092 1219 in
1135 1159 1186 1218 J
1222 1158 1284 1219 &
1324 1158 1407 1219 K
1443 1171 1802 1238 rectamque
1852 1159 1909 1219 C
1936 1158 2000 1218 V
2035 1158 2096 1218 in
2140 1159 2212 1218 D
2255 1157 2317 1218 &
2359 1159 2441 1219 E.
2556 1158 2704 1241 Age

246 1273 381 1320 tum
426 1271 658 1320 rectam
709 1259 766 1319 C
775 1258 861 1318 N
871 1258 917 1318 l
930 1258 1007 1317 X
1049 1269 1366 1318 secantem
1411 1256 1671 1318 circulos
1715 1258 1797 1317 K
1806 1258 1888 1330 E,
1943 1258 2082 1318 VR
2127 1258 2188 1318 in
2232 1258 2317 1319 N
2358 1257 2418 1318 &
2448 1258 2536 1329 X,
2570 1270 2703 1318 tum

247 1371 478 1420 rectam
537 1357 688 1418 CK
708 1357 776 1417 Y
811 1369 1238 1443 occurrentem
1284 1354 1510 1418 circulo
1570 1356 1709 1417 VR
1753 1356 1815 1416 in
1870 1357 1941 1418 Y.
2035 1357 2178 1418 Sint
2220 1369 2430 1417 autem
2475 1369 2707 1436 puncta

245 1458 295 1518 I
333 1456 394 1519 &
436 1457 518 1517 K
553 1456 670 1517 sibi
716 1456 984 1516 invicem
1028 1455 1423 1527 vicinissima,
1457 1454 1518 1515 &
1562 1467 1784 1537 pergat
1827 1477 2052 1536 corpus
2082 1456 2163 1516 ab
2209 1455 2272 1516 V
2293 1476 2406 1536 per
2442 1456 2492 1515 I
2530 1454 2590 1515 &
2631 1455 2714 1515 K

247 3094 329 3155 ad
385 3093 471 3165 k‚·
537 3091 741 3172 sitque
800 3101 1099 3171 punctum
1157 3089 1226 3149 A
1290 3087 1462 3150 locus
1524 3086 1623 3149 ille
1681 3086 1762 3148 de
1814 3108 1942 3167 quo
1989 3106 2212 3166 corpus
2264 3081 2431 3143 aliud
2480 3078 2700 3141 cadere

245 3191 448 3263 debet,
483 3204 553 3252 ut
595 3190 658 3251 in
702 3188 838 3251 loco
881 3190 952 3249 D
995 3186 1389 3250 velocitatem
1434 3188 1712 3269 acquirat
1746 3183 2054 3267 aequalem
2083 3180 2397 3244 velocitati
2429 3176 2702 3258 corporis
2796 3203 2800 3207 ¹

248 3291 468 3371 prioris
514 3289 575 3350 in
619 3289 676 3349 J.
771 3287 860 3348 Et
904 3287 1213 3348 stantibus
1259 3308 1400 3367 quae
1446 3286 1508 3347 in
1554 3286 1979 3367 propositione
2024 3302 2245 3354 XXXIX,
2278 3278 2505 3341 lineola
2546 3274 2698 3345 JK,

246 3389 395 3450 dato
439 3401 719 3468 tempore
764 3407 952 3466 quam
998 3385 1255 3447 minimo
1298 3385 1624 3466 descripta,
1671 3385 1789 3446 erit
1838 3395 1909 3444 ut
1958 3380 2271 3451 velocita5‚
2318 3392 2508 3458 atque
2560 3374 2701 3435 ideo

247 3501 318 3549 ut
382 3499 549 3548 recta
593 3507 734 3565 quae
773 3496 987 3565 -potest
1036 3505 1245 3545 aream
1289 3486 1431 3545 AB
1446 3486 1516 3545 F
1527 3486 1612 3557 D,
1661 3484 1722 3545 &
1765 3478 2143 3563 triangulum
2188 3479 2237 3538 I
2255 3477 2401 3539 CK
2438 3471 2701 3553 tempori

245 3581 706 3667 proportionale
756 3582 1018 3654 dabitur,
1074 3581 1342 3664 ideoque
1392 3584 1474 3644 K
1488 3584 1574 3643 N
1617 3582 1735 3644 erit
1780 3581 2093 3660 reciproce
2144 3590 2214 3638 ut
2264 3574 2526 3636 altitudo
2568 3572 2617 3631 I
2634 3570 2698 3640 C,

248 3692 312 3752 id
357 3696 467 3755 est,
499 3683 551 3743 si
595 3683 778 3744 detur
820 3684 1136 3763 quantitas
1179 3681 1386 3764 aliqua
1431 3682 1512 3762 Q,
1546 3681 1607 3743 &
1651 3679 1915 3742 altitudo
1957 3679 2007 3738 I
2027 3677 2085 3738 C
2123 3675 2475 3738 nominetur
2519 3670 2600 3741 A,
2632 3680 2702 3727 ut

245 3777 331 3880 ἓ,
429 3815 616 3877 Hanc
659 3811 1071 3890 quantitatem
1114 3848 1171 3855 —
1222 3811 1613 3873 nominemus
1647 3808 1715 3879 Z,
1749 3806 1809 3867 &
1853 3825 2158 3886 ponamus
2189 3821 2327 3862 eam
2359 3819 2496 3859 esse
2526 3814 2697 3875 mag-

252 3878 313 3940 A
1115 3871 1177 3931 A
