2852 4250
204 155 238 215 3
248 139 327 214 36
1037 126 1152 175 DE
1186 124 1307 175 Mo
1315 123 1424 174 TU
1458 121 1764 174 coRPOR
1776 122 1901 172 ΗΜ
2394 67 2401 76 ’
2670 0 2808 282 Ἰ

2776 275 2808 325 ψιζ

323 361 966 431 PROPOSITIO
1049 357 1464 421 XXXVII.
1593 355 2207 420 THEOREMA
2292 360 2592 427 XXIX.

207 520 266 581 C
243 517 520 600 ylindri,
544 574 552 583 ,
575 514 692 597 qui
745 513 814 574 in
839 508 1054 591 fluido
1104 512 1435 585 compresso
1493 502 1751 583 infinito
1799 504 1884 569 &⁴
1927 527 2050 566 non
2098 507 2343 569 elastico
2384 510 2715 573 secundum
2791 482 2808 491 ἡ·

290 630 747 714 longitudinem
837 645 1020 686 suam
1110 618 1531 700 uniformiter
1602 620 2040 701 progreditur,
2126 623 2492 698 resistentia,
2584 648 2724 708 quae

282 751 502 812 oritur
555 769 596 807 a
648 739 1087 823 magnitudine
1140 735 1420 798 sectionis
1471 742 1828 809 tranversae,
1883 745 1972 799 est
2027 739 2119 800 ad
2170 740 2299 802 vim
2358 763 2486 823 qua
2545 750 2711 806 totus

283 866 416 946 ejus
474 868 689 932 motuS,
740 857 976 918 interea
1034 853 1188 913 dum
1245 850 1682 933 quadruplum
1742 853 2164 934 longitudinis
2227 878 2357 917 suae
2411 857 2717 937 describit,

284 984 385 1044 vel
452 978 596 1041 tolli
648 974 853 1057 possit
925 971 1025 1031 vel
1079 969 1396 1050 generari,
1459 975 1535 1029 ut
1605 968 1876 1032 densitas
1941 972 2130 1033 medii
2198 973 2289 1034 ad
2353 973 2718 1037 densitatem

284 1097 564 1183 cylindri
587 1090 1070 1178 quamproxime.

318 1306 490 1368 Nam
516 1304 567 1365 si
588 1324 703 1364 vas
727 1300 795 1361 A
813 1294 1246 1360 BDCfundo
1266 1316 1382 1356 suo
1415 1295 1546 1355 CD
1571 1316 1672 1354 su-

196 1406 517 1489 perficiem
545 1423 729 1483 aquae
754 1397 1109 1481 stagnantis
1142 1406 1379 1477 tangat,
1416 1393 1477 1455 &
1508 1416 1675 1475 aqua

195 1529 277 1568 ex
346 1505 467 1567 hoc
527 1523 682 1564 vase
742 1520 857 1580 per
915 1494 1199 1558 canalem
1261 1493 1674 1575 cylindricum

196 1609 267 1669 E
281 1608 353 1668 F
374 1606 438 1667 T
449 1605 506 1666 S
573 1599 883 1664 horizonti
952 1593 1540 1678 perpendicularem
1611 1594 1673 1654 in

196 1725 429 1789 aquam
467 1713 873 1786 stagnantem
920 1696 1155 1770 effluat,
1188 1693 1431 1756 locetur
1460 1707 1674 1755 autem

195 1805 478 1870 circellus
530 1803 673 1879 PQ
729 1796 1036 1861 horizonti
1092 1793 1427 1876 parallelus
1466 1794 1676 1854 ubivis

196 1908 258 1970 in
307 1906 520 1968 medio
565 1900 816 1972 canaliS,
858 1899 921 1960 &-
965 1896 1350 1979 producatur
1399 1894 1540 1955 CA
1592 1893 1675 1954 ad

194 2009 284 2081 K,
311 2021 381 2068 ut
405 2006 487 2066 sit
509 2005 578 2065 A
604 2002 783 2064 Kad
816 1999 966 2061 CK
991 1999 1053 2058 in
1085 1994 1406 2077 duplicata
1432 1995 1676 2056 ratione

195 2129 388 2189 quam
421 2104 615 2166 habet
659 2120 959 2163 excessus
991 2096 1208 2159 orificii
1257 2094 1495 2156 canalis
1526 2095 1597 2155 E
1616 2095 1688 2154 F

194 2230 387 2290 supra
436 2202 752 2267 circellum
802 2199 947 2287 PQ
1000 2197 1082 2259 ad
1133 2194 1434 2258 circulum
1485 2195 1678 2256 AB:

197 2308 602 2372 manifestum
646 2315 744 2365 est
796 2301 934 2383 (per
979 2320 1100 2360 caS.
1138 2315 1168 2376 5
1221 2318 1343 2358 cas,
1382 2300 1420 2356 6
1456 2294 1517 2356 8ε
1548 2317 1670 2356 cor.

206 2432 226 2471 1
302 2430 478 2490 prop.
537 2404 767 2484 XXXVI)
842 2400 1016 2483 quod
1086 2396 1392 2459 velocitas
1469 2418 1674 2478 aquae‚

194 2508 578 2573 transeuntis
603 2528 718 2587 per
758 2503 1034 2585 spatium
1067 2497 1371 2561 annulare
1413 2498 1576 2559 inter
1599 2495 1916 2559 circellum
1951 2496 2012 2558 &
2043 2495 2242 2559 latera
2271 2498 2458 2571 vasiS‚
2493 2519 2568 2560 ea
2598 2497 2718 2558 erit

193 2635 384 2695 quam
431 2631 598 2691 aqua
645 2604 937 2668 cadendo
985 2602 1047 2664 &
1093 2622 1242 2662 casu
1290 2621 1407 2661 suo
1471 2598 1893 2661 describendo
1956 2597 2359 2661 altitudinem
2421 2601 2505 2663 K
2514 2600 2572 2662 C
2609 2597 2711 2661 vel

195 2715 244 2774 J
263 2713 323 2775 G
353 2711 678 2792 acquirere
722 2718 949 2788 potest.
1816 2776 1819 2777 ⁷

316 2813 407 2874 Et
463 2810 602 2894 (per
661 2805 847 2869 corol.
904 2826 946 2866 X
996 2825 1173 2885 prop.
1243 2799 1474 2884 XXXVI)
1539 2802 1592 2862 si
1653 2802 1824 2862 vasis
1886 2800 2156 2864 latitudo
2205 2803 2286 2864 sit
2335 2803 2593 2878 infinita,
2645 2818 2715 2866 ut

196 2911 427 2974 lineola
458 2911 544 2971 H
554 2910 602 2970 I
648 2918 990 2970 evanescat
1022 2903 1083 2964 &
1136 2900 1504 2963 altitudines
1546 2901 1596 2961 J
1614 2901 1688 2973 G,
1723 2901 1811 2963 H
1828 2902 1889 2963 G
1940 2916 2316 2983 aequentur:
2370 2904 2469 2964 vis
2525 2926 2710 2986 aquae

197 3009 534 3074 defluentis
569 3010 631 3070 in
663 3005 978 3068 circellum
1012 3004 1130 3065 erit
1166 3002 1247 3063 ad
1296 3002 1546 3082 pondus
1579 3001 1843 3083 cylindri
1877 3003 2053 3085 cujus
2099 3003 2269 3064 basis
2300 3016 2399 3066 est
2429 3003 2713 3067 circellus
2804 3015 2806 3019 '

197 3112 299 3175 ille
332 3112 393 3173 &
438 3109 706 3172 altitudo
744 3121 842 3169 est
889 3108 969 3190 {fl
993 3106 1067 3178 G,
1102 3117 1172 3164 ut
1218 3103 1287 3162 E
1303 3103 1411 3183 Fq
1455 3102 1537 3162 ad
1586 3105 1654 3165 E
1670 3105 1974 3185 Fq—gp
1995 3103 2109 3185 Qq,
2159 3126 2351 3185 quam
2398 3106 2704 3187 proxime.

201 3214 374 3275 Nam
420 3212 518 3273 vis
564 3232 766 3291 aquae,
815 3208 1110 3269 uniformi
1159 3221 1333 3270 motu
1381 3205 1721 3269 defluentis
1753 3227 1869 3286 per
1913 3218 2117 3266 totum
2151 3203 2451 3278 canalem,
2484 3205 2710 3268 eadem

196 3314 315 3385 erit
347 3313 409 3374 in
442 3309 757 3373 circellum
789 3310 853 3369 P
879 3309 949 3384 Q,
986 3310 1047 3369 in
1081 3332 1461 3391 quacunque
1493 3307 1729 3371 canalis
1761 3319 1942 3388 parte
1974 3305 2266 3368 locatum.

316 3411 711 3474 Claudantur
746 3411 881 3492 jam
928 3408 1162 3470 canalis
1194 3410 1432 3471 orificia
1476 3410 1546 3470 E
1562 3410 1637 3482 F,
1674 3409 1731 3469 S
1758 3407 1827 3480 T,
1862 3406 1924 3468 &
1969 3406 2274 3469 ascendat
2318 3405 2600 3469 circellus
2647 3408 2710 3469 in

197 3513 394 3575 fluido
442 3511 724 3592 undique
773 3531 1139 3590 compresso
1189 3509 1251 3570 &
1299 3532 1566 3571 ascensu
1621 3495 1738 3570 suo
1791 3520 1980 3590 cogat
2031 3529 2264 3589 aquam
2318 3508 2710 3590 superiorem

193 3612 587 3676 descendere
635 3633 750 3692 per
796 3610 1072 3691 spatium
1126 3609 1429 3672 annulare
1479 3611 1643 3672 inter
1694 3607 2011 3671 circellum
2066 3606 2128 3669 &
2180 3606 2379 3669 latera
2431 3606 2707 3670 canalis:

197 3714 260 3777 8c
318 3712 623 3776 velocitas
684 3709 909 3773 circelli
973 3711 1377 3772 ascendentis
1439 3711 1559 3772 erit
1618 3711 1700 3771 ad
1760 3707 2166 3772 velocitatem
2212 3731 2397 3791 aquae
2444 3710 2706 3772 descen-

196 3816 406 3879 dentis
459 3827 530 3876 ut
577 3812 935 3876 differentia
986 3810 1358 3874 circulorum
1407 3813 1564 3873 EF
1607 3811 1669 3873 &
1721 3812 1869 3888 PQ
1931 3810 2014 3872 ad
2074 3809 2374 3872 circulum
2425 3811 2588 3887 PQ,
2645 3809 2709 3872 &
2780 3813 2787 3846 '-

194 3916 498 3980 velocitas
549 3912 775 3978 circelli
830 3912 1233 3975 ascendentis
1293 3912 1374 3973 ad
1424 3933 1739 3973 summam
1801 3909 2227 3985 velocitatu'm,
2279 3910 2399 3973 hoc
2458 3924 2573 3983 est,
2622 3909 2705 3972 ad
2779 3931 2781 3933 ’
