2852 4250
175 95 293 155 186
992 92 1109 144 DE
1142 94 1380 147 MOTU
1412 93 1855 146 CORPORUM

163 281 392 343 corpus
446 260 505 323 S
543 258 896 345 conjunctis
926 262 1167 325 viribus
1216 275 1492 347 urgetur,
1540 260 1901 344 proximum
1946 279 2090 321 esse
2148 259 2468 324 communi
2520 283 2666 326 cen-

162 374 262 425 tro
311 362 644 446 gravitatis
703 362 974 425 duorum
1034 362 1298 427 illorum.
1422 363 1494 425 Si
1554 360 1940 424 coincideret
1997 358 2119 422 hoc
2177 372 2481 423 centrum>
2523 384 2668 425 cum

161 477 381 527 centro
456 462 561 527 illo
635 462 970 538 communi,
1035 458 1097 525 &
1156 462 1511 545 quiesceret
1583 481 1922 524 commune
1992 471 2278 521 centrum
2336 460 2670 544 gravitatis

161 585 498 646 corporum
528 563 776 639 ·trium;
841 563 1274 625 describerent
1321 584 1550 645 corpus
1600 562 1658 623 S
1697 582 1780 623 ex
1824 580 1953 622 una
1996 572 2194 642 parte,
2229 559 2292 622 &
2331 582 2670 627 commune

162 677 448 726 centrum
509 662 773 726 aliorum
841 663 1112 726 duorum
1173 686 1255 725 ex
1314 662 1512 725 altera

160 778 360 848 parte,
415 765 580 826 circa
632 786 970 826 commune
1023 765 1308 826 omniurn
1362 787 1506 827 cen-
2114 834 2133 856 A<

162 879 330 928 trum
405 863 755 946 quiescenS‚
833 861 1088 944 ellipses
1161 870 1501 927 accuratas.
2174 879 2217 909 ³
2310 910 2343 952 0

165 966 400 1048 Liquet
461 964 581 1026 hoc
639 985 756 1044 per
813 961 1212 1025 corollarium
1282 985 1504 1026 secun-
1569 986 1598 1029 s
1663 1009 2281 1018 -------------------------------------------------
2285 949 2398 1042 ΪΪὉ

152 1065 312 1127 dum
351 1061 799 1145 propositionis
832 1083 987 1124 Lvm
1019 1061 1316 1125 collatum
1363 1085 1506 1124 cum
2346 1046 2386 1088 Τ

157 1163 610 1226 demonstratis
665 1163 727 1224 in
789 1185 966 1245 prop.
1033 1183 1188 1225 LXIV
1241 1163 1303 1225 &
1356 1184 1499 1226 LXV.

163 1264 574 1326 Perturbatur
618 1263 736 1324 iste
782 1277 992 1326 motus
1041 1262 1350 1344 ellipticus
1396 1262 1504 1325 ali-

159 1362 535 1447 quantulum
566 1386 682 1445 per
711 1363 1078 1425 distantiam
1110 1365 1307 1426 centri
1351 1366 1624 1428 duorum
1673 1390 1711 1430 a
1757 1382 1991 1443 centro,
2027 1370 2090 1432 in
2123 1371 2295 1453 quod
2329 1371 2584 1434 tertium
2618 1373 2677 1434 S

157 1464 508 1527 attrahitur.
657 1464 867 1526 Detur
946 1478 1258 1546 praeterea
1328 1481 1540 1530 motus
1623 1471 1944 1533 communi
2023 1472 2213 1534 trium
2291 1486 2525 1547 centro,
2608 1473 2671 1535 81

157 1566 494 1650 augebitur
523 1565 930 1646 perturbatio.
1030 1566 1306 1629 Proinde
1338 1568 1598 1631 minima
1629 1583 1728 1632 est
1758 1572 2166 1652 perturbatio,
2194 1573 2301 1635 ubi
2334 1595 2671 1636 commune

158 1667 348 1728 trium
398 1679 684 1727 centrum
735 1666 1038 1747 quiescit;
1105 1667 1226 1730 hoc
1276 1682 1389 1742 est,
1424 1671 1531 1732 ubi
1581 1693 1811 1753 corpus
1867 1672 2157 1735 intimum
2213 1674 2276 1736 &
2324 1675 2672 1736 maximum

170 1769 235 1829 T
269 1766 411 1850 lege
443 1779 816 1828 caeterorum
848 1767 1226 1831 attrahitur:
1292 1769 1491 1852 fitque
1540 1773 1744 1855 major
1789 1794 2059 1855 semper,
2102 1775 2209 1837 ubi
2260 1776 2449 1837 trium
2499 1797 2667 1838 com-

156 1889 348 1929 mune
390 1865 541 1928 illud
585 1879 886 1940 centrum,
922 1867 1269 1931 minuendo
1319 1884 1564 1933 motum
1614 1875 1895 1955 corporis
1949 1877 2019 1950 T,
2047 1878 2291 1940 moveri
2338 1877 2571 1959 incipit,
2607 1877 2670 1940 &

156 1967 361 2050 magis
393 1966 694 2047 deinceps
727 1966 1059 2049 magisque
1091 1970 1382 2053 agitatur.

276 2068 478 2129 Corol.
530 2067 620 2128 Et
665 2067 825 2140 hine,
859 2068 911 2129 si
962 2090 1228 2151 corpora
1275 2070 1457 2153 plura
1509 2074 1756 2138 minora
1800 2075 2213 2140 revolvantur
2259 2079 2423 2142 circa
2470 2080 2667 2142 maxi—

154 2191 344 2241 mum,
402 2166 697 2251 colligere
757 2167 904 2230 licet
963 2170 1136 2250 quod
1198 2172 1422 2235 orbitae
1483 2174 1821 2258 descriptae
1896 2180 2158 2262 propius
2218 2181 2526 2243 accedent
2583 2181 2666 2243 ad

154 2268 476 2350 ellipticaS‚
513 2269 574 2330 &
620 2292 909 2331 arearum
963 2271 1423 2354 descriptiones
1477 2275 1632 2338 fient
1677 2280 1882 2362 magis
1927 2279 2290 2362 aequabileS,
2324 2281 2375 2342 si
2409 2304 2674 2364 corpora

153 2371 367 2432 omnia
426 2369 667 2431 viribus
728 2369 1286 2447 acceleratricibuS,
1344 2397 1489 2457 quae
1536 2391 1686 2440 sunt
1738 2394 1809 2441 ut
1861 2403 2082 2443 eorum
2135 2383 2305 2444 vires
2358 2381 2668 2446 absolutae

153 2472 390 2533 directe
441 2471 503 2533 ἃ
557 2472 868 2553 quadrata
901 2473 1356 2536 ‘distantiarum
1412 2476 1680 2552 inverse,
1725 2502 1796 2542 se
1843 2495 2064 2544 mutuo
2110 2483 2365 2545 trahant
2395 2485 2667 2567 agitent-

153 2594 294 2653 que,
360 2571 421 2633 &
481 2573 704 2634 orbitae
765 2575 1073 2656 cujusque
1134 2575 1468 2639 umbilicus
1530 2579 1873 2644 collocetur
1932 2582 1995 2644 in
2067 2585 2387 2646 communi
2449 2598 2667 2649 centro

150 2673 484 2756 gravitatis
538 2696 874 2755 corporum
924 2677 1210 2738 omnium
1260 2679 1628 2743 interiorum
1689 2683 2008 2766 (nimirum
2058 2684 2392 2748 umbilicus
2441 2688 2666 2750 orbitae

155 2773 378 2854 primae
412 2773 745 2836 &intimae
780 2776 842 2837 in
889 2790 1107 2839 centro
1151 2780 1485 2860 gravitatis
1531 2785 1813 2864 corporis
1859 2785 2119 2847 maximi
2167 2786 2230 2848 &
2276 2787 2517 2863 intimi;
2566 2787 2668 2851 ille

151 2874 376 2936 orbitae
446 2876 761 2950 secundae,
826 2877 888 2938 in
951 2882 1270 2942 communi
1325 2896 1544 2946 centro
1602 2886 1936 2968 gravitatis
1997 2909 2334 2969 corporum
2394 2889 2665 2952 duorum

153 2975 555 3051 intimorum;
605 2977 723 3039 iste
755 2978 975 3052 tertiae,
1005 2980 1067 3040 in
1100 2984 1421 3044 communi
1455 2998 1674 3048 centro
1695 2987 2028 3070 gravitatis
2054 2990 2243 3051 trium
2270 2990 2664 3069 interiorum;

153 3075 215 3137 &
246 3076 336 3137 sic
366 3076 693 3161 deinceps)
730 3100 924 3160 quam
973 3080 1025 3141 si
1073 3103 1301 3162 corpus
1349 3083 1639 3147 intimum
1693 3088 1980 3170 quiescat
2028 3088 2091 3151 &
2129 3104 2446 3153 statuatur
2496 3115 2666 3156 com-

152 3176 363 3238 munis
394 3176 727 3239 umbilicus
759 3180 1106 3242 orbitarum
1138 3183 1439 3246 omnium.

349 3463 997 3529 PROPOSITIO
1071 3468 1366 3535 LXIX.
1493 3472 2110 3541 THEOREMA
2180 3480 2482 3547 XXIX.

148 3634 238 3696 In
277 3640 600 3716 ‘qystemate
638 3642 970 3717 corporum
998 3638 1307 3718 plurium
1353 3639 1438 3719 A,
1492 3642 1561 3717 B,
1613 3644 1685 3722 C,
1739 3646 1823 3723 D,
1875 3649 2001 3714 &a
2048 3650 2111 3712 si
2146 3659 2370 3733 corpus
2410 3653 2675 3736 aliquod

235 3748 303 3811 A
350 3750 560 3811 trahit
599 3759 819 3813 caetera
861 3754 1076 3816 omnia
1126 3755 1194 3829 B,
1245 3756 1316 3830 C,
1370 3757 1452 3832 D,
1504 3761 1628 3826 &a
1677 3762 1921 3827 viribus
1963 3767 2489 3831 acceleratricibus
2528 3790 2669 3851 quae

233 3872 387 3927 sunt
414 3864 712 3948 reciproce
738 3875 814 3928 ut
839 3868 1160 3950 quadrata
1188 3871 1647 3937 distantiarum
1677 3899 1718 3938 a
1750 3878 2037 3942 trahente
2050 3907 2074 3953 ,·
2123 3882 2207 3948 ὢν*
2233 3890 2455 3964 corpus
2482 3881 2677 3945 aliud
