2846 4250
681 355 1401 444 INDEX

1541 358 2303 447 RERUM

915 530 2067 627 ALPHABETJCUSs

225 815 294 867 N.
322 815 381 867 B.
425 813 718 868 citationes
739 816 914 883 factoe
934 824 1068 868 sunt
1087 816 1168 868 ad
1186 834 1434 869 normam
1458 817 1721 885 sequentis
1743 819 1974 886 exempli.
2006 819 2112 882 ΙΙΙ,
2150 833 2245 872 10:
2283 821 2404 885 484,
2441 820 2521 873 16:
2565 832 2680 887 514,
2709 822 2745 873 6

414 900 707 970 designant
745 901 879 953 libri
912 902 1065 953 tertii
1084 902 1497 970 propositionem
1539 903 1799 956 decimam
1817 923 1837 956 .·
1872 905 2095 973 paginoe
2134 907 2290 972 484*oe
2326 906 2525 959 lineam
2576 909 2704 959 16‘1m
2725 927 2744 959 .·

410 988 638 1056 paginoe
664 998 798 1054 514ae
813 988 1012 1040 lineam
1038 988 1147 1039 6am.

774 1145 823 1193 A

168 1231 604 1296 AEquinoctiorum
630 1233 892 1297 praecessio

232 1316 395 1349 causae
420 1302 565 1363 hujus
590 1310 754 1350 motus
780 1301 1060 1351 indicantur
1085 1303 1186 1361 ΙΙΙ,
1217 1318 1291 1350 21.

232 1367 482 1430 quantitas
506 1377 671 1418 motus
707 1385 769 1418 ex
803 1369 964 1418 causis
988 1378 1302 1433 computatur
1326 1371 1426 1428 III,

269 1500 278 1509 ‚
301 1451 380 1498 39·

163 1503 307 1550 Aens

230 1568 448 1618 densitas
484 1570 548 1618 ad
592 1569 866 1633 quamlibet
900 1570 1212 1619 altitudinem
1248 1569 1430 1634 colligi-

280 1638 376 1685 'tur
410 1654 471 1686 ex
506 1653 646 1701 prop.
691 1654 749 1685 22
791 1638 872 1687 lib.
918 1640 1007 1699 ΙΙ,
1044 1647 1231 1701 quanta
1266 1637 1328 1687 sit
1363 1639 1428 1686 ad

296 1703 608 1753 altitudinem
641 1705 786 1754 unius
818 1705 1167 1755 semidiametri
1194 1704 1428 1755 terrestris

297 1771 574 1820 ostenditur
599 1786 711 1835 512,
738 1790 812 1834 24.

230 1838 431 1888 elastica
446 1839 520 1888 vis
539 1839 672 1903 quali
692 1856 853 1889 causae
880 1839 1027 1889 tribui
1051 1839 1209 1903 possit
1235 1842 1305 1901 II,
1331 1857 1407 1903 23.

227 1906 439 1969 gravitas
458 1923 573 1955 cum
591 1923 733 1970 aquae
756 1907 996 1971 gravitate
1012 1909 1194 1956 collata
1204 1922 1229 1970 5
1243 1925 1262 1955 1
1275 1925 1317 1967 2,
1335 1923 1405 1969 17.

228 1973 505 2023 resistentia
528 1984 714 2037 quanta
738 1975 814 2035 sit,
841 1992 929 2039 per
952 1975 1288 2039 experimenta
1311 1992 1429 2038 pen-

296 2042 526 2090 dulorum
569 2041 813 2106 colligitur
848 2060 962 2105 310,
1007 2045 1035 2090 6
1057 2061 1071 2103 3
1113 2059 1201 2106 per
1243 2042 1429 2106 experi-

294 2118 465 2158 menta
500 2125 759 2173 corporum
795 2110 1078 2159 cadentium
1104 2113 1150 2160 &
1186 2110 1427 2159 theoriam

295 2175 570 2225 accuratius
595 2176 841 2239 invenitur
864 2192 977 2241 355,
1011 2195 1083 2240 13.

161 2243 344 2306 Anguli
383 2253 642 2293 contactus
684 2261 787 2294 non
830 2255 944 2293 sunt
985 2261 1159 2294 omnes
1201 2245 1424 2307 ejusdem

293 2310 502 2374 generis,
535 2313 623 2361 sed
648 2312 734 2360 alii
754 2312 862 2361 aliis
886 2312 1076 2362 infinite
1100 2312 1315 2362 minores
1345 2314 1425 2375 36,

302 2395 326 2425 2
333 2395 376 2441 3.

159 2444 407 2509 Apsidum
432 2455 596 2496 motus
622 2446 916 2510 expenditur
941 2450 981 2507 I,
1010 2456 1126 2496 sect.
1156 2463 1199 2509 9,
1226 2464 1274 2510 p.
1299 2463 1406 2509 129.

164 2514 324 2574 Areae,
352 2530 476 2576 quas
511 2530 719 2578 corpora
757 2515 807 2563 in
842 2531 986 2579 gyros
1023 2524 1136 2564 acta
1176 2514 1324 2563 radiis
1359 2515 1424 2563 ad

295 2590 522 2630 centrum
557 2581 732 2630 virium
768 2582 930 2631 ductis
966 2582 1264 2641 describunt,
1310 2598 1426 2631 con-

293 2649 512 2697 feruntur
546 2666 659 2697 cum
696 2649 1000 2714 temporibus
1036 2649 1425 2713 descriptionum

298 2717 340 2775 Ι,
363 2733 413 2791 ,1,
444 2733 487 2776 2,
515 2733 561 2779 3,
591 2718 667 2779 58,
698 2719 774 2780 65.
822 2784 831 2792 .

163 2784 409 2832 Attractio
444 2800 707 2847 corporum
750 2801 1087 2834 universorum
1122 2785 1426 2834 demonstra·

294 2858 373 2899 tur
408 2852 508 2910 ΙΙΙ,
541 2866 600 2912 7,
648 2852 806 2914 qualis
843 2852 905 2900 sit
940 2853 1085 2914 hujus
1122 2853 1425 2901 demonstra-

291 2916 441 2967 tionis
465 2918 710 2968 certitudo
735 2919 1011 2968 ostenditur
1035 2922 1148 2982 388,
1176 2936 1255 2982 30.

156 2983 480 3034 Attractionis
515 3001 716 3035 causam
752 2988 830 3036 vel
866 2987 1071 3036 modum
1107 2996 1279 3035 auctor
1313 3002 1425 3034 nus·
1454 3006 1456 3011 ’

291 3067 443 3115 quarn
483 3053 658 3103 definit
699 3056 743 3115 6,
790 3071 847 3103 2:
902 3056 1010 3115 160,
1060 3056 1149 3103 18:
1201 3056 1280 3114 88,
1334 3070 1423 3102 12:

297 3132 410 3182 530,
441 3136 482 3168 2.

769 3233 812 3281 C

259 3294 293 3344 li

162 3296 501 3413 Coffesisoentia
549 3363 772 3414 sensibili
813 3365 1147 3416 destituuntur
1182 3369 1282 3427 III,
1330 3385 1421 3417 10:

293 3433 407 3491 484,
441 3433 524 3481 16.
563 3445 675 3495 514,
705 3434 759 3494 6,
794 3436 840 3483 &
865 3443 1126 3498 propterea
1149 3434 1302 3484 fluido
1321 3436 1421 3485 fere
1449 3456 1452 3459 ·

294 3497 432 3547 omni
455 3515 696 3563 corporeo
721 3517 749 3563 3
757 3502 834 3563 56
868 3518 941 3577 19.

226 3565 484 3624 transitum
507 3565 607 3630 luci
629 3570 853 3630 praebent
877 3569 983 3618 sine
1007 3570 1107 3618 ulla
1129 3569 1421 3619 refractione

159 3646 352 3749 Calmie1
361 3649 499 3764 tuga
520 3701 677 3750 ferrea
700 3711 955 3767 comperta
979 3712 1055 3753 est
1077 3703 1243 3768 augeri
1267 3703 1421 3768 longi-

252 3766 463 3817 tudine
487 3783 601 3830 420,
632 3782 708 3832 25.

1529 1145 1678 1194 Calor
1700 1144 1817 1194 solis
1842 1155 2054 1209 quantus
2079 1146 2141 1196 sit
2175 1145 2225 1195 in
2261 1146 2464 1197 diversis
2499 1164 2529 1196 a
2564 1148 2668 1197 sole
2693 1147 2788 1197 dis-

1661 1212 1827 1262 tantiis
1855 1215 1966 1276 508,
1991 1230 2015 1261 2
2023 1228 2067 1277 5.

1595 1289 1807 1342 quantus
1832 1281 1966 1343 apud
1989 1279 2283 1330 mercurium
2308 1283 2422 1342 406,
2458 1298 2496 1330 1.

1594 1357 1806 1410 quantus
1830 1349 1965 1410 apud
1988 1358 2234 1397 cometam
2257 1348 2375 1397 anni
2416 1351 2542 1397 1680
2578 1349 2629 1397 in
2664 1349 2788 1413 peri-

1660 1413 1793 1463 helio
1818 1424 2094 1463 versantem
2122 1418 2232 1478 508,
2266 1430 2339 1476 27.

1527 1481 1765 1530 Centrum
1801 1497 2065 1530 commune
2100 1481 2346 1545 gravitatis
2382 1498 2642 1546 corporum
2683 1484 2787 1546 plu-

1659 1547 1785 1596 rium
1831 1550 1895 1597 ab
1943 1549 2219 1598 actionibus
2266 1565 2526 1613 corporum
2572 1549 2698 1599 inter
2732 1567 2786 1599 se

1660 1631 1764 1663 non
1799 1625 1957 1664 mutat
1993 1625 2173 1665 statum
2210 1632 2352 1664 suum
2386 1617 2465 1666 vel
2506 1625 2669 1666 motus
2704 1618 2784 1666 vel

1661 1682 1840 1746 quietis
1865 1700 1912 1746 p.
1948 1700 2021 1745 19.

1526 1751 1763 1799 Centrum
1800 1767 2064 1800 commune
2099 1750 2346 1826 gravitatis
2388 1759 2541 1811 terrae,
2586 1750 2702 1800 solis
2737 1754 2783 1801 &

1659 1819 1967 1880 planetarum
2039 1818 2260 1867 omniurn
2350 1817 2601 1881 quiescere
2679 1821 2780 1878 ΙΙΙ,

1666 1902 1755 1946 ΙΙ,
1805 1887 2123 1934 confirmatur
2180 1902 2241 1934 ex
2299 1902 2395 1934 cor.
2452 1902 2476 1932 2
2530 1902 2690 1950 prop.
2722 1902 2782 1946 14

1658 1952 1741 2001 lib.
1783 1954 1880 2001 ΙΙΙ.

1525 2020 1764 2069 Centrum
1800 2036 2064 2069 commune
2104 2019 2354 2083 gravitatis
2391 2029 2528 2068 terrae
2565 2022 2610 2069 &
2651 2020 2782 2069 lunae

1657 2096 1796 2136 motu
1838 2104 2004 2136 annuo
2050 2087 2285 2151 percurrit
2330 2088 2502 2136 orbem
2548 2104 2782 2151 magnum

1659 2171 1770 2214 410,
1805 2157 1877 2202 16.

1591 2222 1769 2285 quibus
1817 2221 2082 2271 intervallis
2129 2221 2279 2271 distat
2324 2238 2354 2270 a
2394 2230 2521 2270 terra
2568 2223 2614 2271 &
2664 2222 2782 2270 luna

1658 2292 1771 2352 469,
1800 2291 1866 2338 6?

1524 2358 1762 2406 Centrum
1797 2356 1984 2416 virium,
2025 2355 2202 2419 quibus
2238 2371 2444 2420 corpora
2479 2355 2782 2405 revolventia

1656 2423 1707 2472 in
1732 2423 1934 2473 orbibus
1957 2424 2238 2483 retinentur,

1590 2491 1722 2554 quali
1747 2491 1970 2540 arear'um
1994 2490 2179 2540 indicio
2204 2490 2451 2539 invenitur
2475 2506 2553 2552 43,
2584 2507 2660 2539 21.

1589 2575 1688 2622 qua
1711 2558 1900 2608 ratione
1925 2575 1986 2607 ex
2010 2558 2137 2607 datis
2172 2557 2529 2607 revolventium
2552 2556 2782 2607 velocita-

1656 2625 1788 2675 tibus
1813 2625 2058 2674 invenitur
2083 2627 2122 2685 I,
2153 2639 2196 2688 5.

1523 2692 1706 2743 Circuli
1725 2692 2126 2751 circumferentia,
2150 2709 2248 2755 qua
2271 2692 2379 2755 lege
2397 2690 2469 2740 vis
2494 2690 2779 2755 centripetae

1658 2760 1904 2809 tendentis
1924 2762 1988 2808 ad
2004 2762 2243 2823 punctum
2260 2759 2593 2822 quodcunque
2609 2760 2779 2807 datum

1656 2827 1870 2877 describi
1904 2836 2069 2891 potest
2104 2844 2134 2876 a
2168 2843 2374 2890 corpore
2409 2827 2693 2876 revolvente
2734 2828 2776 2886 I,

1657 2912 1701 2955 4,
1731 2909 1774 2957 7,
1803 2897 1846 2943 8·

1513 2964 1747 3012 Cometae

1588 3046 1744 3094 genus
1791 3038 1906 3078 sunt
1946 3030 2270 3093 planetarum,
2308 3044 2410 3077 non
2446 3035 2777 3077 meteororum

1657 3099 1771 3157 484,
1803 3114 1897 3146 20:
1937 3099 2047 3159 508,
2078 3113 2154 3145 20.

1563 3207 1567 3211 .
1588 3165 1706 3213 luna
1730 3164 2003 3228 superiores
2029 3174 2155 3223 sunt,
2183 3166 2228 3212 &
2253 3162 2304 3211 in
2328 3161 2527 3226 regione
2561 3163 2779 3225 planeta-

1655 3249 1762 3280 rum
1788 3240 2042 3281 versantur
2064 3248 2111 3295 p.
2139 3233 2251 3292 478.

1588 3298 1822 3349 distantia
1857 3316 2027 3348 eorum
2064 3315 2162 3361 qua
2201 3296 2389 3346 ratione
2431 3312 2518 3358 per
2552 3297 2779 3344 observa-

1654 3367 1815 3416 tiones
1851 3365 2016 3430 colligi
2049 3374 2214 3429 potest
2249 3362 2620 3426 quamproxime
2662 3365 2776 3424 478,

1585 3436 1864 3566 plupiigudbs
1844 3499 2018 3549 ervati
2044 3507 2156 3547 sunt
2180 3498 2229 3545 in
2253 3495 2600 3559 hemisphaerio
2619 3497 2774 3546 solem

1652 3585 1834 3627 versus,
1862 3584 2010 3630 quam
2046 3566 2096 3614 in
2131 3563 2474 3630 hemisphaerio
2511 3563 2775 3626 opposit03

1652 3639 1699 3685 &
1722 3637 1857 3684 unde
1881 3636 1978 3683 hoc
2002 3635 2086 3681 fiat
2111 3634 2223 3692 484,
2253 3649 2293 3679 2.
2399 3650 2401 3652 ’

1584 3703 1848 3767 splendent
1888 3702 1997 3749 luce
2036 3699 2152 3749 solis
2187 3715 2217 3747 a
2252 3715 2304 3747 se
2339 3698 2519 3746 reflexa
2565 3699 2678 3758 484,
2722 3714 2772 3759 ι,

1651 3771 1735 3818 lux
1757 3768 1841 3817 illa
1864 3776 2050 3831 quanta
2073 3783 2181 3816 esse
2206 3767 2331 3815 solet
2355 3767 2468 3825 481,
2490 3780 2534 3824 4.
