2852 4250
181 86 300 148 302
1010 70 1125 119 DE
1160 70 1391 122 Mors]
1430 69 1736 122 CORPOR
1748 69 1872 120 ΠΜ
2335 111 2338 114 ,
2715 0 2817 110 Ἴ

174 236 447 299 subinde
477 235 919 298 decrescentes
950 234 1137 298 simul
1168 247 1568 299 evanescent.
1697 235 1787 297 Et
1830 233 2126 308 vicissim,
2159 235 2213 297 si
2244 234 2430 298 simul
2462 236 2678 319 incipi-

173 349 291 399 unt
321 336 383 399 Sc
412 334 597 398 simul
629 349 1036 413 evanescunt,
1069 334 1338 418 aequalia
1381 335 1711 397 habebunt
1755 347 2082 397 momenta
2123 334 2184 396 &
2215 355 2470 416 semper
2497 349 2683 398 erunt

173 434 453 519 aequales
486 459 499 499 :
546 435 611 497 id
655 435 819 497 adeo
863 434 1014 517 quia
1056 435 1109 496 si
1156 434 1515 496 resistentia
1560 433 1609 494 Z
1659 444 1983 516 augeatur,
2016 431 2320 496 velocitas
2365 454 2494 495 una
2536 455 2682 495 cum
2841 418 2852 512 l

173 557 323 598 arcu
383 533 490 597 illo
553 534 679 608 Ca,
741 533 850 615 qui
911 534 973 595 in
1034 554 1301 595 ascensu
1362 533 1642 614 corporis
1702 531 2095 607 describitur,
2142 533 2563 611 diminuetur;
2619 536 2682 598 81
2844 514 2852 563 ¹

172 647 410 716 puncto
480 635 543 696 in
604 655 733 715 quo
807 644 1018 695 motus
1077 632 1284 695 omnis
1344 652 1472 692 una
1530 653 1675 692 cum
1737 631 2096 694 resistentia
2153 647 2361 696 cessat
2420 634 2681 716 propius
2847 626 2852 631 ⁴

171 735 515 797 accedente
544 733 628 795 ad
673 744 976 814 punctum
1029 732 1095 805 C,
1143 731 1502 794 resistentia
1546 731 1729 793 citius
1774 744 2117 794 evanescet
2161 755 2355 815 quam
2400 756 2550 797 area
2594 735 2674 798 Y.

175 835 266 896 Et
294 833 675 897 contrarium
705 832 960 895 eveniet
989 832 1096 893 ubi
1129 831 1487 893 resistentia
1516 831 1900 894 diminuitur.

282 934 429 1015 Jam
474 954 629 995 vero
673 954 821 994 area
868 933 915 993 Z
967 932 1186 1013 incipit
1229 931 1592 1013 desinitque
1638 932 1746 993 ubi
1793 932 2153 994 resistentia
2197 931 2369 996 nulla
2413 948 2526 1010 est,
2560 936 2681 999 hoc

168 1045 281 1106 est,
333 1033 395 1093 in
448 1032 757 1113 principio
802 1044 1012 1094 motus
1064 1032 1172 1093 ubi
1222 1053 1403 1093 arcus
1463 1031 1522 1093 C
1539 1033 1612 1093 D
1655 1033 1825 1093 arcui
1881 1032 2017 1094 CB
2061 1047 2352 1114 aequatur
2399 1035 2461 1098 &
2509 1049 2682 1099 recta

166 1131 321 1194 RG
372 1131 590 1192 incidit
637 1131 699 1192 in
750 1144 987 1193 rectam
1038 1131 1197 1207 QE,
1250 1130 1312 1192 8c
1363 1131 1426 1193 in
1476 1131 1602 1193 fine
1652 1144 1863 1193 motus
1916 1132 2024 1193 ubi
2073 1154 2255 1194 arcus
2309 1134 2368 1195 C
2378 1136 2452 1196 D
2509 1137 2679 1198 arcui

173 1268 283 1330 Ca
328 1279 617 1349 aequatur
666 1267 727 1329 &
757 1268 911 1330 RG
955 1268 1175 1330 incidit
1235 1268 1297 1330 in
1348 1280 1585 1330 rectam
1635 1268 1693 1329 S
1726 1268 1795 1330 T.
1916 1268 2006 1329 Et
2053 1289 2203 1330 area
2256 1269 2318 1330 Y
2365 1291 2478 1332 seu
2532 1222 2682 1403 g—lg

167 1479 217 1539 J
232 1478 302 1539 E
316 1477 512 1539 F—I
528 1477 590 1540 G
607 1478 695 1539 H
744 1476 965 1560 incipit
1023 1478 1384 1560 desinitque
1444 1478 1551 1538 ubi
1615 1475 1785 1538 nulla
1845 1490 1959 1553 est,
2025 1476 2299 1557 ideoque
2373 1477 2479 1540 ubi
2531 1429 2682 1610 ἐξ
2758 1484 2763 1489 ’

162 2777 291 2840 [Ε
307 2778 377 2839 F
427 2778 489 2840 &
540 2780 590 2839 J
611 2778 778 2841 GH
828 2776 1099 2860 aequalia
1150 2791 1338 2842 sunt:
1401 2779 1521 2842 hoc
1581 2793 1679 2842 est
1743 2779 1882 2864 (per
1941 2782 2499 2867 constructionem)
2563 2785 2671 2847 ubi

164 2890 335 2939 recta
363 2878 431 2940 R
456 2879 517 2941 G
562 2878 780 2939 incidit
809 2878 1167 2940 successive
1199 2878 1261 2940 in
1294 2891 1498 2941 rectas
1532 2879 1590 2955 Q
1610 2880 1681 2940 E
1725 2879 1787 2941 ἃ
1819 2880 1877 2942 S
1903 2880 1972 2943 T.
2072 2882 2475 2965 Proindeque
2504 2905 2670 2946 areae

162 2975 284 3039 illae
328 2976 515 3039 simul
562 2978 867 3059 incipiunt
912 2978 974 3040 &
1018 2977 1203 3040 simul
1265 2993 1672 3054 evanescunt,
1722 2980 1783 3042 &
1827 2994 2167 3063 propterea
2225 3006 2480 3067 semper
2522 2998 2673 3047 sunt

162 3115 459 3199 aequales,
565 3117 769 3200 Igitur
808 3137 957 3177 area
990 3065 1145 3158 Q
1189 3117 1239 3176 J
1249 3117 1320 3177 E
1335 3118 1406 3177 F
1409 3119 1535 3179 -I
1550 3117 1718 3180 GH
1761 3117 2024 3201 aequalis
2077 3132 2177 3181 est
2220 3141 2385 3182 areae
2441 3120 2510 3194 Z,
2557 3142 2674 3203 per

992 3171 1141 3247 OQ

162 3279 353 3340 quam
386 3256 740 3320 resistentia
779 3256 1131 3338 exponitur,
1167 3256 1228 3318 8ε
1273 3271 1612 3339 propterea
1656 3272 1755 3322 est
1798 3260 1880 3321 ad
1926 3282 2141 3322 aream
2186 3261 2319 3322 Pl
2328 3262 2416 3322 N
2425 3262 2523 3323 M
2556 3284 2672 3344 per
2840 3294 2852 3329 ι

162 3379 356 3440 quam
385 3358 668 3441 gravitas
699 3356 1055 3437 exponitur,
1088 3368 1159 3416 ut
1190 3357 1550 3419 resistentia
1579 3359 1662 3420 ad
1692 3360 2093 3442 gravitatem.
2189 3360 2265 3436 Q.
2293 3360 2375 3424 E.
2402 3361 2490 3423 D.

282 3457 484 3520 Corol.
545 3477 593 3519 1.
646 3456 771 3518 Est
801 3456 992 3538 igitur
1036 3456 1394 3518 resistentia
1424 3457 1487 3519 in
1518 3456 1658 3521 loco
1691 3459 1908 3522 infimo
1945 3460 2004 3522 C
2040 3459 2123 3522 ad
2154 3459 2286 3522 vim
2315 3460 2665 3543 gravitatiS,

159 3607 232 3658 ut
260 3616 409 3657 area
439 3543 586 3639 Q
616 3589 948 3674 [EF-ad
978 3611 1191 3652 aream
1221 3591 1561 3685 PINM

443 3648 586 3725 OQ

280 3735 482 3798 Corol.
537 3754 590 3795 2.
645 3731 754 3792 Fit
782 3742 995 3792 autem
1027 3730 1319 3804 maxima,
1352 3732 1460 3793 ubi
1491 3754 1640 3795 area
1668 3735 1801 3796 Ρ]
1809 3735 1899 3796 Η
1908 3736 1976 3797 R
2011 3747 2111 3798 est
2139 3734 2222 3797 ad
2253 3756 2466 3797 aream
2496 3735 2679 3796 IEF

159 3848 230 3897 ut
264 3835 408 3898 OR
438 3833 521 3895 ad
556 3832 614 3895 0
639 3830 710 3920 Q.
806 3829 909 3892 Eo
939 3829 1109 3892 enim
1142 3829 1205 3892 in
1236 3851 1386 3892 casu
1418 3846 1812 3896 momentum
1844 3836 1981 3919 ejus
2009 3833 2336 3919 (nimirum
2367 3835 2499 3896 Ρ]
2515 3835 2578 3897 G
2598 3835 2667 3895 R

173 3936 337 4018 -Y)
374 3933 592 3998 evadit
622 3927 881 3994 nullum.
