2852 4250
1047 121 1051 124 ·
1093 111 1343 161 -LJBER
1360 113 1715 165 TERTIUS.
1801 123 1803 126 ⁴
2012 88 2020 92 ‘
2285 94 2293 97 ’
2480 137 2600 199 453

132 252 232 372 ᾗ
247 289 349 340 tur
384 274 473 336 ‘ad
512 294 695 335 axem
731 272 1028 353 majorem
1071 271 1593 352 perpendicularis
1621 275 1687 333 B
1710 274 1786 350 G,
1818 298 1958 356 quae
1987 279 2269 359 utrinque
2307 282 2601 361 producta

111 371 231 468 f'·?“
249 383 527 436 occurrat
557 367 782 437 circulo
813 370 875 429 in
905 370 1148 448 punctis
1175 371 1246 429 F
1266 370 1326 430 8ῑ
1351 370 1426 448 f]-
1473 370 1534 430 &
1577 371 1867 450 quoniam
1894 374 2160 452 spatium
2197 378 2264 435 A
2291 379 2354 436 B
2374 379 2464 438 ba
2509 394 2604 441 est

102 470 115 510 -’
192 470 330 531 “ad
373 480 678 529 sectorem
740 466 806 526 T
821 468 886 526 B
915 468 948 526 b
1005 478 1076 526 ut
1123 465 1549 547 rectangulum
1600 467 1667 525 A
1700 468 1765 526 B
1791 470 1837 540 β
1893 470 1972 529 ad
2027 472 2091 530 B
2112 472 2193 530 .T
2239 474 2601 551 quadratum

174 574 224 620 .“
252 562 700 648 (rectangulum
735 564 902 623 enim
939 562 1087 623 illud
1128 576 1411 643 aequatur
1449 564 1809 626 differentiae
1849 567 2285 646 quadratorum
2328 592 2405 629 ex
2462 573 2596 632 TA

98 654 113 735 ’Ἴ
163 666 224 697 ’“
248 663 310 724 8ῑ
349 662 484 723 ΤΒ
526 661 608 721 ob
638 674 869 721 rectam
915 662 982 720 A
1010 662 1056 732 β
1091 659 1410 740 aequaliter
1450 661 1509 720 &
1546 661 1926 741 inaequaliter
1954 676 2183 723 sectam
2213 665 2273 724 in
2330 666 2470 725 T&
2496 667 2600 748 Β),

99 759 106 836 J
191 766 379 826 “haec
429 763 616 844 igitur
664 762 821 821 ratio
871 761 977 820 ubi
1021 761 1290 839 spatium
1333 761 1401 820 A
1424 761 1596 820 Βόα
1645 762 1979 822 maximum
2023 775 2118 822 est
2167 763 2227 822 in
2273 763 2353 822 K
2388 764 2602 824 eadem

0 866 15 955 Ἀ
90 861 133 920 ’·.
191 863 361 924 “erit
388 882 461 922 ac
491 860 646 920 ratio
677 856 1017 939 rectanguli
1057 859 1138 917 K
1153 858 1340 917 HM
1370 858 1451 917 ad
1495 858 1580 918 H
1606 859 1669 917 T
1702 860 2096 938 quadratum.»
2167 860 2295 919 Sed
2339 862 2604 921 maxima

95 974 98 978 ’
192 959 396 1021 “nodi
447 955 774 1018 mediocris
821 954 1115 1014 velocitas
1159 966 1292 1014 erat
1340 954 1420 1013 ad
1465 953 1609 1015 solis
1656 955 2043 1016 velocitatem
2094 957 2155 1015 in
2199 956 2311 1015 hac
2354 958 2600 1020 ratione.

191 1058 449 1139 “Igitur
491 1055 552 1114 in
598 1052 988 1133 quadraturis
1032 1064 1234 1112 sector
1278 1052 1345 1111 A
1382 1052 1444 1111 T
1451 1074 1490 1111 a
1537 1053 1830 1112 dividitur
1859 1054 1919 1112 in
1950 1065 2152 1132 partes
2181 1052 2603 1113 velocitatibus

191 1165 223 1189 “
246 1149 753 1235 proportionales,
835 1150 923 1210 Et
953 1149 1245 1229 quoniam
1281 1162 1548 1230 rectang.
1581 1151 1662 1208 K
1672 1151 1757 1209 H
1765 1152 1858 1209 M
1878 1163 1972 1210 est
2000 1151 2079 1210 ad
2108 1151 2193 1209 H
2214 1151 2275 1208 T
2294 1151 2503 1228 quadr.
2537 1163 2606 1209 ut

35 1291 58 1303 η
92 1328 93 1331 ¹
192 1261 223 1286 “
245 1252 377 1312 FB
366 1249 432 1329 f
443 1249 524 1309 ad
552 1248 691 1308 BG
720 1247 902 1326 quad.
941 1247 1001 1306 &
1031 1245 1455 1327 rectangulum
1484 1249 1550 1308 A
1567 1248 1631 1306 B
1637 1249 1682 1318 β
1712 1259 1989 1327 aequatur
2017 1246 2369 1327 rectangulo
2398 1249 2466 1306 F
2476 1248 2539 1306 B
2539 1247 2604 1323 f,

193 1349 365 1411 “erit
423 1348 609 1432 igitur
657 1344 865 1406 areola
915 1346 983 1405 A
1007 1347 1180 1405 Βόα
1236 1346 1341 1405 ubi
1395 1346 1665 1405 maxima
1707 1358 1803 1405 est
1845 1347 1924 1405 ad
1969 1346 2269 1424 reliquum
2307 1358 2604 1407 sectorem

18 1485 23 1491 ·
59 1438 85 1516 ³]
173 1433 223 1480 '³⁶'
258 1447 321 1506 T
316 1445 437 1517 Bb,
469 1457 539 1504 ut
567 1455 837 1523 rectang.
870 1443 938 1502 A
952 1444 1069 1514 Ββ
1111 1443 1191 1502 ad
1221 1443 1357 1503 BG
1387 1443 1596 1522 quadr.
1686 1443 1814 1502 Sed
1845 1444 1998 1503 ratio
2027 1443 2242 1501 harum
2271 1434 2606 1502 areolarum

20 1516 99 1613 ³²2„
191 1551 494 1627 “semper
543 1553 677 1601 erat
726 1552 796 1600 ut
844 1540 911 1599 A
941 1541 1006 1599 B
1026 1541 1072 1612 β
1111 1552 1378 1621 rectang.
1420 1541 1500 1600 ad
1540 1542 1604 1599 B
1634 1541 1696 1599 T
1732 1540 2130 1619 quadratum;
2185 1539 2244 1599 &
2286 1552 2608 1618 propterea

25 2458 68 2545 a&

32 2546 62 2598 f

191 1646 225 1674 “
248 1638 455 1700 areola
502 1638 570 1698 A
595 1637 768 1697 Bba
819 1637 880 1696 in
928 1635 1064 1698 loco
1094 1639 1161 1697 A
1213 1638 1414 1698 minor
1449 1650 1545 1697 est
1578 1636 1757 1696 simili
1794 1635 1997 1697 areola
2032 1638 2092 1696 in
2129 1637 2510 1716 quadraturis
2547 1637 2606 1695 in

191 1735 558 1817 “duplicata
601 1735 838 1796 ratione
881 1735 947 1794 B
970 1735 1029 1795 G
1071 1735 1152 1795 ad
1195 1736 1261 1794 B
1294 1736 1360 1807 T,
1395 1735 1511 1795 hoc
1555 1747 1662 1806 est,
1710 1736 1771 1794 in
1816 1734 2122 1813 duplicata
2166 1735 2397 1794 ratione
2441 1734 2607 1792 sinus

190 1835 555 1896 “distantiae
612 1833 762 1893 solis
820 1854 858 1892 a
916 1832 1097 1893 nod0.
1215 1833 1302 1892 Et
1357 1832 1617 1911 proinde
1667 1853 1907 1891 summa
1957 1831 2228 1890 omnium
2272 1829 2607 1889 areolarum

191 1942 222 1967 ‘⁴
243 1933 479 1993 ABba
510 1952 736 2011 nempe
766 1931 1035 2010 spatium
1063 1930 1132 1989 A
1147 1930 1304 1989 BN
1328 1930 1443 1989 erit
1471 1942 1539 1989 ut
1562 1941 1763 1989 motus
1795 1929 1938 1988 nodi
1971 1929 2030 1987 in
2061 1941 2336 2006 tempore
2367 1949 2488 2006 quo
2517 1925 2607 1987 sol

37 2021 224 2074 *³1⁶⁶
248 2031 592 2112 digreditur
637 2051 675 2089 a
714 2029 883 2089 nodo
922 2050 1034 2108 per
1072 2049 1283 2088 arcum
1334 2028 1522 2087 NA.
1619 2028 1705 2086 Et
1739 2026 2003 2105 spatium
2044 2024 2341 2103 reliquum
2386 2046 2607 2103 nempe

189 2136 447 2189 “sector
468 2126 770 2206 ellipticus
800 2127 885 2186 N
909 2127 1043 2186 ΤΒ
1072 2127 1187 2186 erit
1209 2138 1277 2185 ut
1301 2137 1503 2185 motus
1534 2122 1677 2184 solis
1709 2124 1946 2183 medius
1979 2123 2038 2181 in
2069 2123 2288 2182 eodem
2312 2134 2602 2200 tempore.

190 2230 224 2259 “
251 2225 340 2285 Et
381 2237 713 2304 propterea
756 2225 1050 2303 quoniam
1091 2245 1334 2283 annuus
1366 2234 1567 2282 motus
1613 2221 1758 2281 nodi
1789 2220 2026 2280 medius
2071 2220 2121 2279 is
2165 2231 2259 2279 est
2302 2219 2404 2296 qui
2449 2218 2517 2279 fit
2546 2219 2606 2278 in

189 2328 227 2356 “
248 2334 528 2403 tempore
580 2344 705 2402 quo
759 2320 851 2383 sol
894 2322 1220 2401 periodum
1257 2342 1432 2381 suam
1474 2317 1819 2389 absolverit,
1862 2331 2062 2377 motus
2103 2315 2247 2375 nodi
2291 2315 2528 2374 medius
2572 2337 2609 2375 a

191 2419 378 2481 “sole
418 2421 534 2480 erit
572 2420 653 2480 ad
694 2433 933 2481 motum
975 2421 1166 2499 ipsius
1204 2417 1349 2480 solis
1395 2417 1679 2486 medium,
1726 2429 1794 2475 ut
1843 2437 1985 2486 area
2031 2412 2230 2474 circuli
2277 2413 2356 2472 ad
2403 2433 2607 2472 aream

191 2520 550 2601 “ellipseOS,
604 2521 723 2582 hoc
781 2533 891 2592 est,
947 2533 1016 2580 ut
1068 2533 1234 2580 recta
1292 2520 1355 2577 T
1361 2517 1440 2576 K
1480 2517 1559 2575 ad
1607 2528 1835 2575 rectam
1890 2515 1952 2573 T
1963 2515 2048 2573 H
2078 2513 2343 2572 mediam
2383 2509 2609 2570 scilicet

192 2628 223 2653 “
246 2618 771 2700 proportionalem
817 2620 978 2679 inter
1033 2619 1096 2678 T
1106 2619 1186 2677 K
1225 2617 1284 2677 8ε
1340 2617 1402 2674 Τ
1416 2615 1507 2685 S‚·
1550 2612 1648 2673 vel
1680 2613 1845 2693 quod
1877 2612 2095 2672 eodem
2126 2609 2283 2670 redit
2311 2620 2378 2668 ut
2406 2607 2608 2669 media

191 2714 720 2798 “proportionalis
763 2718 827 2778 T
838 2717 924 2778 H
944 2715 1024 2778 ad
1057 2728 1285 2777 rectam
1327 2714 1390 2774 T
1399 2712 1462 2774 S.

1043 2963 1595 3016 PROPOSITIO
1666 2962 1762 3009 IL

361 3120 398 3148 “
417 3116 587 3177 Dato
630 3123 798 3178 motu
844 3115 1035 3176 medio
1081 3114 1381 3175 nodorum
1426 3113 1588 3172 Zunae
1630 3108 1903 3171 invenire
1942 3113 2169 3165 motum
2213 3123 2433 3164 verum.

305 3293 456 3355 “Sit
503 3293 768 3376 angulus
815 3295 884 3354 A
942 3294 1236 3355 distantia
1279 3291 1425 3352 solis
1484 3312 1521 3350 a
1578 3288 1712 3350 loco
1757 3286 1903 3347 nodi
1956 3284 2173 3354 medio,
2227 3282 2358 3341 sive
2408 3290 2606 3339 motus

194 3392 492 3452 “medius
542 3391 689 3453 solis
734 3414 772 3452 a
815 3392 997 3452 nodo.
1092 3392 1259 3450 Tum
1304 3390 1355 3449 si
1408 3388 1683 3466 capiatur
1733 3381 1990 3463 angulus
2034 3382 2097 3440 Β
2139 3379 2307 3458 cujus
2351 3389 2607 3454 tangens

194 3496 226 3521 “
248 3490 329 3550 sit
357 3490 437 3549 ad
467 3502 829 3571 tangentem
860 3488 1069 3570 anguli
1105 3490 1173 3548 A
1210 3500 1278 3547 ut
1321 3488 1384 3546 Τ
1391 3487 1476 3546 Η
1503 3486 1582 3545 ad
1625 3485 1687 3543 Τ
1694 3483 1779 3554 Is,
1813 3481 1928 3540 hoc
1958 3490 2065 3548 est,
2100 3477 2159 3535 in
2190 3470 2609 3549 subduplicata

191 3598 225 3623 “
249 3591 486 3652 ratione
530 3604 734 3652 motus
780 3590 1106 3650 mediocris
1151 3587 1374 3648 horarii
1418 3583 1564 3646 solis
1607 3583 1687 3643 ad
1738 3591 1972 3640 motum
2023 3574 2388 3634 mediocrem
2433 3568 2605 3626 hora-

180 3696 226 3736 -“
250 3688 407 3749 rium
457 3687 604 3750 solis
662 3710 700 3748 a
744 3687 910 3749 nodo
955 3687 1016 3746 in
1069 3683 1458 3765 quadraturis
1508 3691 1826 3750 versante3
1879 3675 1992 3735 erit
2035 3673 2195 3732 idem
2239 3664 2496 3746 angulus
2545 3664 2609 3722 B

175 3794 227 3829 ‡“
249 3787 543 3848 distantia
585 3786 732 3849 solis
763 3809 801 3847 a
829 3785 966 3847 loco
996 3784 1143 3846 nodi
1173 3804 1340 3844 vero,
1436 3780 1602 3839 Nam
1638 3779 1934 3858 jungatur
1974 3773 2043 3831 F
2066 3771 2127 3830 T
2162 3769 2220 3829 δε
2249 3789 2326 3827 ex
2356 3766 2605 3824 demon-
