2846 4250
1233 127 1491 175 INDEX
1524 127 1683 176 RER
1697 129 1816 179 HM

209 281 515 334 Gravitatem
539 300 648 334 esse
680 283 783 334 vim
822 285 972 347 illam,
1009 303 1110 350 qua
1148 288 1267 337 luna
1299 287 1472 338 retine-

344 360 422 400 tur
454 350 508 399 in
530 353 650 401 orbe
686 354 789 412 ΙΙΙ,
815 369 878 415 43
913 363 1151 418 computo
1171 355 1470 405 accuratiori

343 419 697 482 comprobatur
718 423 832 483 469,
861 437 909 483 9.

207 484 510 534 Gravitatem
547 502 655 535 esse
679 486 780 535 vim
814 487 964 548 illam,
990 505 1089 551 qua
1128 489 1342 552 planetae
1376 489 1468 553 pri-

336 551 481 602 marii
511 555 558 602 &
594 554 828 603 satellites
851 526 991 617 Jovis
1014 558 1061 606 &
1096 555 1292 606 Saturni
1324 556 1469 606 retin-

341 627 484 668 entur
506 618 558 667 in
581 620 784 670 orbibus
810 623 911 682 ΙΙΙ,
941 635 984 685 5.

813 757 868 803 H

204 841 575 907 Hydrostaticae
597 842 839 908 principia
862 845 1120 896 traduntur
1145 847 1215 906 II,
1243 854 1359 895 sect.
1386 861 1427 910 5.

204 911 498 975 Hyperbola

267 994 368 1040 qua
389 978 498 1041 lege
520 976 595 1027 vis
630 977 914 1043 centrifugae
949 979 1199 1029 tendentis
1230 996 1261 1028 a
1294 981 1460 1043 figurae

334 1054 507 1094 centro
542 1045 836 1095 describitur
869 1063 900 1095 a
934 1062 1140 1110 corpore
1173 1048 1458 1097 revolvente

337 1126 415 1176 54,
444 1114 488 1162 8-

264 1196 363 1243 qua
397 1181 506 1243 lege
541 1178 615 1229 vis
650 1180 933 1244 centrifugae
968 1181 1218 1231 tendentis
1255 1182 1320 1231 ab
1355 1199 1458 1230 um-

330 1247 481 1297 bilico
504 1249 670 1311 figurae
706 1248 998 1298 describitur
1019 1266 1050 1297 a
1073 1264 1280 1312 corpore
1303 1252 1458 1300 revol-

329 1324 478 1364 vente
504 1318 583 1379 58,
616 1333 657 1364 1.

260 1398 361 1445 qua
394 1383 503 1446 lege
538 1382 613 1431 vis
648 1382 934 1446 centripetae
970 1382 1218 1433 tendentis
1253 1384 1319 1433 ad
1353 1401 1456 1433 um-

319 1448 524 1498 bilicum
557 1451 725 1513 figurae
750 1450 1043 1499 describitur
1076 1468 1105 1499 a
1141 1467 1349 1514 corpore
1383 1469 1454 1501 re-

318 1518 552 1565 volvente
578 1519 618 1576 Ι,
652 1534 726 1566 12.

184 1585 505 1648 Hypotheses
543 1585 884 1647 cujuscunque
924 1584 1121 1648 generis
1167 1584 1452 1648 rejiciuntur

315 1652 380 1701 ab
404 1652 498 1700 hac
522 1651 839 1716 philosophia
865 1666 977 1716 530,
1010 1666 1081 1716 15.

804 1789 828 1835 I

179 1874 378 1925 Inertiae
402 1875 475 1925 vis
507 1874 739 1925 definitur
761 1893 808 1940 p.
840 1894 880 1924 2.

181 1943 323 2006 Jovis

245 2020 441 2074 tempus
465 2009 787 2074 periodicum‚
816 2028 929 2074 393,
957 2014 1027 2060 18.

243 2077 478 2127 distantia
501 2095 531 2127 a
555 2079 660 2128 sole
686 2095 798 2141 393,
829 2096 853 2126 2
868 2096 904 2127 1.

242 2145 484 2194 diameter
505 2162 749 2209 apparens
774 2163 887 2209 391,
917 2161 959 2209 5.

241 2211 483 2262 diameter
506 2229 621 2262 vera
646 2228 761 2276 405,
791 2231 867 2263 22.

240 2280 499 2329 attractiva
522 2280 594 2329 vis
621 2290 806 2343 quanta
831 2280 892 2330 sit
917 2295 1030 2344 405,
1050 2298 1094 2341 4.

240 2348 438 2411 pondus
462 2364 725 2411 corporum
749 2348 799 2396 in
825 2350 931 2411 ejus
956 2348 1212 2412 superficie
1237 2366 1301 2409 40
1307 2364 1350 2412 5,
1374 2352 1416 2398 8.

239 2414 459 2464 densitas
485 2429 597 2478 405,
629 2432 703 2475 24.

239 2482 488 2545 quantitas
513 2483 729 2532 materiae
755 2498 869 2546 405,
902 2500 973 2543 14.

238 2549 540 2613 perturbatio
598 2567 629 2598 a
686 2551 896 2600 Saturno
955 2559 1141 2613 quanta
1200 2550 1261 2600 sit
1320 2568 1434 2612 410,

236 2683 587 2733 diametrorum
622 2684 876 2748 proportio
900 2695 1137 2748 computo
1179 2685 1435 2734 exhibetur

304 2754 418 2811 416,
458 2753 486 2799 6
504 2770 518 2812 3
553 2755 599 2801 δε
636 2769 749 2800 curn
785 2753 1213 2802 observationibus
1249 2755 1434 2803 confer-

302 2828 379 2867 tur
404 2818 522 2868 ibid.
550 2828 663 2882 post
687 2819 769 2868 lin.
809 2837 881 2883 19.

232 2885 492 2935 conversio
516 2886 699 2935 circum
735 2904 879 2936 axem
904 2904 1005 2951 quo
1030 2896 1251 2951 tempore
1276 2889 1434 2937 absol-

302 2953 431 3002 vitur
454 2956 566 3014 416,
599 2971 641 3002 2.

234 3020 542 3084 cingulorum
565 3038 715 3070 causa
739 3021 1079 3072 subindicatur
1104 3023 1183 3083 48,
1215 3037 1288 3083 27.

777 3158 821 3205 L

171 3246 333 3294 Locus
361 3243 604 3304 definitur,
630 3247 676 3294 δε
713 3243 1027 3308 distinguitur
1061 3245 1111 3294 in
1147 3247 1427 3295 absolutum

303 3314 349 3361 &
374 3311 630 3361 relativum
659 3326 702 3373 7,
736 3329 776 3361 1.

169 3381 306 3428 Loca
329 3395 590 3442 corporum
626 3378 678 3426 in
713 3377 1016 3427 sectionibus
1051 3378 1239 3429 conicis
1274 3390 1431 3430 moto-

303 3462 411 3494 rum
451 3445 767 3495 inveniuntur
800 3447 866 3495 ad
901 3455 1096 3510 tempus
1128 3447 1429 3512 assignatum

305 3515 344 3572 I,
372 3522 489 3562 sect.
519 3515 563 3561 6.

169 3579 319 3628 Lucis

233 3645 525 3711 propagatio
569 3663 671 3696 non
713 3656 788 3696 est
822 3644 1134 3697 instantanea
1183 3665 1242 3696 22
1249 3662 1295 3711 5,
1336 3666 1396 3711 29
1413 3666 1428 3710 3

300 3730 404 3764 non
444 3716 500 3763 fit
534 3731 623 3778 per
656 3713 972 3777 agitationem
1020 3714 1175 3764 medii
1220 3715 1428 3779 alicujus

300 3781 499 3830 aetherei
523 3796 638 3844 372,
665 3798 707 3844 9.

231 3848 469 3898 velocitas
492 3848 542 3896 in
568 3847 771 3898 diversis
796 3847 972 3898 mediis
997 3848 1190 3898 diversa
1215 3852 1256 3910 I,
1285 3864 1360 3913 95.

231 3915 430 3965 reflexio
455 3917 685 3980 quaedam
713 3915 981 3979 explicatur
1006 3919 1046 3977 I,
1076 3918 1153 3979 96.

2703 147 2818 206 533

1634 289 1860 340 refractio
1920 292 2192 356 explicatur
2242 296 2283 354 Ι,
2343 311 2439 357 943
2496 309 2600 343 non
2657 293 2712 346 fit
2769 292 2820 341 in

1699 367 1887 434 puncto
1912 360 2072 408 solum
2094 360 2377 410 incidentiae
2404 362 2614 422 226,17.

1597 422 1903 476 incurvatio
1949 443 2105 490 prope
2151 444 2413 492 corporum
2459 427 2694 477 terminos
2741 442 2835 476 ex-.

1696 491 1981 554 perimentis
2004 495 2264 544 observata
2290 512 2348 542 22
2357 509 2399 558 5
2428 511 2506 558 32.

1564 558 1718 606 Lunae

1630 625 1848 689 corporis
1870 628 2023 691 figura
2044 638 2282 692 computo
2306 628 2549 692 colligitur
2573 630 2672 688 III,
2695 630 2774 691 38.

1630 691 1914 743 librationes
1939 695 2245 758 explicantur
2268 698 2474 757 III,17.

1630 757 1868 810 diameter
1890 762 2153 811 mediocris
2176 779 2418 827 apparens
2443 764 2557 824 468,
2584 779 2643 825 31

1628 824 1868 877 diameter
1890 845 2005 878 vera
2029 832 2214 906 46931.

1626 894 1824 955 pondus
1848 912 2110 958 corporum
2133 897 2184 945 in
2209 898 2315 961 ejus
2342 895 2597 962 superficie
2623 898 2735 958 469,
2764 910 2808 955 4.

1625 960 1845 1010 densitas
1872 965 1984 1023 468,
2011 966 2194 1027 penult.

1622 1029 1869 1089 quantitas
1894 1030 2110 1079 materiae
2135 1033 2248 1094 469,
2275 1049 2320 1095 3.

1621 1093 1855 1144 distantia
1893 1098 2156 1147 mediocris
2195 1116 2226 1147 a
2265 1109 2392 1148 terra
2427 1107 2550 1161 quot
2589 1096 2812 1147 continet

1687 1162 1926 1213 maximas
1962 1174 2100 1214 terrae
2141 1165 2531 1215 semidiametros
2563 1167 2809 1227 469,10:

1687 1239 1809 1292 quot
1833 1231 2106 1281 mediocres
2132 1247 2245 1294 470,
2274 1235 2317 1282 6.

1618 1298 1878 1359 parallaxis
1914 1298 2128 1348 maxima
2167 1300 2218 1348 in
2258 1299 2618 1363 longitudinem
2658 1299 2809 1362 paulo

1686 1367 1845 1426 major
1891 1375 1966 1414 est
2007 1383 2155 1429 quam
2203 1367 2459 1430 parallaxis
2506 1366 2721 1415 maxima
2755 1365 2807 1413 in

1684 1431 1993 1482 latitudinem
2020 1436 2131 1496 387,
2160 1437 2202 1483 8.

1616 1496 1689 1545 vis
1713 1499 1779 1546 ad
1803 1515 1936 1549 mare
1960 1503 2263 1549 movendum
2288 1510 2473 1564 quanta
2502 1500 2564 1549 sit
2589 1502 2689 1560 ΙΙΙ,
2717 1513 2806 1562 373

1683 1581 1787 1614 non
1822 1566 1989 1615 sentiri
2025 1577 2190 1630 potest
2224 1569 2274 1616 in
2311 1567 2655 1631 experimentis
2690 1583 2807 1630 pen-

1682 1633 1924 1693 dulorum,
1974 1636 2052 1683 vel
2099 1635 2147 1683 in
2195 1635 2381 1684 staticis
2426 1644 2512 1684 aut
2556 1635 2823 1699 hydrosta-·

1681 1699 1790 1749 ticis
1814 1701 2191 1765 quibuscunque
2215 1705 2329 1763 468,
2359 1719 2433 1751 20.

1613 1775 1806 1830 tempus
1831 1768 2134 1831 periodicurn
2161 1773 2274 1832 469,
2307 1784 2379 1831 17.

1611 1843 1805 1897 tempus
1830 1836 2148 1885 revolutionis
2173 1837 2424 1900 synodicae
2451 1854 2562 1899 432,
2585 1853 2629 1899 3.

1610 1911 1772 1950 motus
1814 1905 1859 1951 δε
1906 1913 2129 1952 motuum
2172 1904 2529 1967 inaequalitates
2576 1921 2607 1952 a
2641 1902 2800 1952 causis

1676 1969 1775 2018 suis
1800 1970 2080 2019 derivantur
2104 1974 2204 2031 ΙΙΙ,
2243 1989 2321 2020 22;
2358 1989 2403 2035 p.
2426 1986 2524 2034 459
2549 1974 2594 2020 δε
2606 1988 2758 2046 seqq.

1541 2036 1682 2084 Luna
1701 2037 1884 2086 tardius
1908 2038 2186 2099 revolvitur,
2213 2038 2417 2087 dilatato
2443 2040 2575 2098 orbe,
2602 2038 2652 2086 in
2676 2037 2800 2101 peri-

1672 2103 1804 2153 helio
1838 2114 2005 2167 terrae3
2042 2105 2183 2154 citius
2220 2106 2269 2154 in
2305 2105 2515 2169 aphelio,
2544 2114 2798 2155 contracto

1672 2173 1805 2231 orbe,
1831 2174 1930 2232 III,
1961 2190 2019 2220 22
2043 2192 2052 2221 ε
2089 2176 2201 2233 460,
2228 2191 2267 2222 2.

1605 2238 1788 2287 tardius
1824 2240 2088 2288 revolvitur
2122 2240 2327 2290 dilatato
2363 2242 2483 2290 orbe
2518 2239 2568 2288 in
2604 2239 2796 2303 apogaei

1672 2306 1877 2369 syzygiis
1902 2324 2014 2355 cum
2051 2309 2154 2357 sole
2173 2327 2186 2369 3
2222 2308 2363 2356 citius
2399 2308 2449 2355 in
2488 2307 2795 2370 quadraturis

1670 2373 1862 2437 apogaei
1887 2384 2140 2424 contracto
2166 2378 2285 2424 orbe
2310 2377 2423 2435 460,
2451 2392 2530 2437 32.

1603 2440 1786 2488 tardius
1822 2441 2085 2500 revolvitur
2118 2442 2323 2491 dilatato
2348 2444 2468 2491 orbe
2506 2441 2556 2489 in
2589 2440 2793 2505 syzygiis

1669 2507 1792 2556 nodi
1837 2525 1951 2556 cum
1999 2510 2134 2571 sole3
2191 2509 2334 2558 citius
2388 2509 2436 2557 in
2485 2508 2793 2572 quadraturis

1668 2575 1789 2623 nodi
1814 2585 2069 2625 contracto
2095 2578 2214 2625 orbe
2239 2579 2350 2636 461,
2386 2593 2458 2636 14.

1600 2641 1783 2691 tardius
1826 2653 2051 2692 movetur
2091 2643 2139 2691 in
2183 2644 2490 2719 quadraturis
2532 2642 2630 2691 suis
2677 2659 2791 2692 cum

1666 2710 1785 2768 sole,
1813 2710 1954 2759 citius
1990 2710 2040 2758 in
2076 2711 2311 2774 syzygiis,
2346 2714 2392 2760 &
2428 2711 2566 2759 radio
2602 2711 2667 2758 ad
2703 2719 2793 2759 ter-

1666 2793 1766 2824 ram
1795 2778 1946 2826 ducto
1976 2778 2208 2827 describit
2242 2795 2405 2827 aream
2442 2794 2532 2841 pro
2567 2786 2789 2840 tempore

1666 2843 1905 2893 minorem
1931 2845 1978 2892 in
2006 2845 2164 2908 priore
2189 2862 2320 2904 casu,
2342 2847 2580 2909 majorem
2605 2844 2654 2892 in
2680 2861 2791 2907 pos·

1664 2911 1840 2960 teriore
1901 2914 2001 2972 III,
2054 2930 2128 2960 22.
2242 2912 2560 2975 Inaequalitas
2617 2913 2790 2961 harum

1663 2995 1885 3027 arearum
1932 2988 2245 3043 computatur
2286 2982 2385 3039 III,
2436 2982 2511 3027 26.
2599 2980 2786 3028 Orbem

1664 3044 1863 3109 insuper
1885 3047 2037 3095 habet
2061 3047 2216 3110 magis
2241 3063 2443 3095 curvum
2468 3049 2513 3096 &
2540 3046 2735 3109 longius
2759 3062 2789 3094 a

1663 3121 1790 3161 terra
1826 3113 2012 3162 recedit
2047 3113 2098 3162 in
2135 3114 2295 3178 priore
2332 3131 2464 3174 casu,
2490 3113 2651 3161 minus
2686 3130 2789 3161 cur·

1661 3197 1777 3229 vum
1802 3182 1953 3230 habet
1988 3183 2159 3231 orbem
2195 3184 2239 3230 &
2275 3181 2476 3245 propius
2512 3182 2577 3230 ad
2612 3190 2787 3230 terram

1662 3248 1855 3297 accedit
1902 3248 1952 3296 in
1999 3248 2270 3312 posteriore
2309 3251 2409 3308 III,
2456 3265 2532 3296 22.
2639 3247 2787 3297 Orbis

1661 3316 1807 3377 hujus
1848 3316 2002 3379 figura
2050 3319 2095 3366 &
2136 3315 2389 3379 proportio
2435 3315 2786 3364 diametrorum

1662 3384 1768 3444 ejus
1815 3392 2053 3446 computo
2099 3382 2343 3445 colligitur
2389 3384 2488 3441 III,
2538 3384 2613 3430 28.
2721 3383 2786 3430 Et

1662 3448 1873 3498 subinde
1898 3449 2189 3512 proponitur
2211 3450 2474 3499 methodus
2500 3447 2783 3497 inveniendi

1662 3515 1944 3564 distantiam
1969 3518 2098 3565 lunae
2122 3533 2152 3565 a
2178 3525 2301 3566 terra
2319 3532 2380 3564 ex
2403 3524 2542 3564 motu
2568 3517 2674 3578 ejus
2699 3516 2785 3563 ho-

1660 3582 1786 3632 rario
1812 3585 1912 3644 III,
1943 3597 2018 3644 27.

1593 3666 1852 3713 apogaeum
1892 3649 2077 3698 tardius
2114 3633 2339 3699 movetur
2373 3649 2420 3697 in
2459 3648 2657 3713 aphelio
2693 3658 2783 3698 ter-

1658 3733 1739 3777 rae,
1759 3716 2047 3765 velociusin
2064 3717 2308 3779 ,perihelio
2334 3718 2434 3776 ΙΙΙ,
2458 3731 2540 3764 22:
2569 3718 2680 3776 460,
2706 3730 2779 3779 15

1591 3799 1851 3847 apogaeum
1875 3783 1961 3832 ubi
1996 3796 2071 3833 est
2105 3783 2156 3831 in
2181 3783 2296 3832 solis
2328 3783 2532 3847 syzygiis
2567 3783 2780 3832 maxime

1659 3849 1966 3913 progreditur
1980 3868 1994 3911 3
2047 3850 2097 3898 in
2145 3851 2450 3914 quadraturis
2510 3849 2780 3914 regreditur

1661 3919 1762 3976 III,
1792 3933 1850 3965 22
1877 3936 1886 3966 :
1924 3920 2035 3977 461,
2067 3934 2143 3980 29·
