2852 4250
179 113 298 173 33²
995 95 1112 144 DE
1145 95 1385 149 MOTU
1416 97 1861 149 CORPORUM

176 261 418 325 ratione
451 260 778 345 colligitur,
813 261 928 324 sed
961 262 1152 325 etiam
1199 284 1315 344 per
1344 262 1785 344 experimenta
1815 262 2151 327 notissima
2184 265 2323 349 jam
2367 266 2687 351 descripta
2751 260 2803 356 ’ξ

174 362 581 426 manifestum
613 375 726 425 est.

291 464 428 526 CaS.
470 482 522 542 5.
578 463 830 524 Eadem
875 475 975 525 est
1018 485 1203 544 aquae
1236 461 1551 523 effluentis
1584 460 1888 524 velocitas
1930 463 2068 526 sive
2110 464 2314 548 figura
2358 465 2687 531 foraminis
2751 450 2808 502 ·3.'

169 565 252 626 sit
299 562 614 626 circularis
662 564 799 625 sive
848 563 1160 644 quadrata
1204 561 1307 624 vel
1354 561 1757 645 triangularis
1803 576 1914 625 aut
1958 563 2081 627 alia
2126 588 2527 650 quaecunque
2572 569 2687 631 cir·
2778 557 2807 654 'J‘

170 663 363 727 culari
410 662 688 745 aequalis,
788 662 960 723 Nam
994 660 1298 724 velocitas
1345 683 1530 742 aquae
1577 662 1892 724 effluentis
1940 687 2067 727 non
2114 668 2355 748 pendet
2399 691 2438 731 a
2483 669 2687 753 figura

168 764 492 827 foraminis
524 763 638 824 sed
670 762 868 824 oritur
897 762 979 823 ab
1011 763 1147 844 ejus
1179 761 1513 823 altitudine
1545 762 1707 823 infra
1737 762 2001 844 planum
2031 766 2115 826 K
2117 767 2198 829 L.

291 864 424 926 Cas,
462 867 515 924 6.
565 862 636 923 Si
683 861 854 922 vasis
884 862 955 922 A
970 862 1189 923 BDC
1225 884 1373 943 pars
1421 862 1679 925 inferior
1724 865 1786 925 in
1833 886 2068 946 aquam
2097 880 2525 952 stagnantem
2572 871 2684 932 im·
2743 923 2746 927 ,

167 976 506 1045 mergatur,
539 962 599 1023 &
645 960 913 1023 altitudo
959 983 1144 1042 aquae
1190 962 1546 1044 stagnantis
1593 985 1786 1045 supra
1837 965 2105 1029 fundum
2154 969 2326 1031 vasis
2371 971 2455 1032 sit
2504 971 2641 1033 GR
2666 999 2686 1035 .·

167 1061 470 1123 velocitas
517 1083 789 1142 quacum
835 1083 1002 1142 aqua
1048 1084 1194 1143 quae
1242 1062 1304 1122 in
1338 1084 1492 1124 vase
1538 1077 1651 1136 est,
1686 1064 1902 1128 effluet
1947 1090 2063 1149 per
2105 1068 2392 1132 foramen
2438 1072 2586 1133 EF
2622 1073 2685 1134 in

165 1184 398 1244 aquam
446 1175 870 1244 stagnantem,
921 1184 997 1223 ea
1043 1163 1161 1223 erit
1206 1184 1399 1243 quam
1446 1185 1614 1245 aqua
1658 1165 1948 1229 cadendo
1991 1167 2053 1229 &
2094 1190 2243 1231 casu
2285 1192 2404 1233 suo
2451 1171 2684 1234 descri-

165 1263 378 1325 bendo
424 1261 825 1324 altitudinem
866 1263 984 1325 [R
1030 1262 1356 1344 acquirere
1398 1277 1625 1343 potest.
1725 1265 1898 1344 Nam
1945 1269 2198 1350 pondus
2245 1292 2431 1352 aquae
2477 1273 2685 1335 omnis

166 1365 227 1425 in
278 1386 432 1426 vase
482 1386 625 1445 quae
677 1363 932 1425 inferior
980 1377 1078 1425 est
1126 1364 1458 1445 superficie
1506 1387 1691 1447 aquae
1742 1371 2113 1452 stagnantiS,
2164 1373 2579 1435 sustinebitur
2623 1374 2686 1436 in

165 1463 518 1546 aequilibrio
567 1486 682 1545 per
729 1464 983 1545 pondus
1037 1486 1223 1546 aquae
1273 1467 1647 1548 stagnantiS,
1707 1468 1980 1553 ideoque
2035 1485 2280 1534 motum
2333 1496 2521 1556 aquae
2573 1474 2683 1537 de-
2747 1483 2784 1516 ·'

97 1622 101 1626 .
163 1566 524 1628 scendentis
557 1567 620 1627 in
654 1588 807 1627 vase
841 1566 1101 1627 minime
1132 1565 1523 1630 accelerabit.
1626 1569 1877 1632 Patebit
1907 1573 2098 1634 etiarn
2133 1573 2195 1635 &
2227 1574 2327 1635 hic
2358 1597 2542 1637 casus
2573 1597 2689 1658 per

164 1669 617 1750 experimenta,
654 1668 1084 1730 mensurando
1117 1668 1354 1731 scilicet
1387 1684 1676 1751 tempora
1708 1673 1940 1753 quibus
1971 1695 2140 1755 aqua
2170 1674 2386 1739 effluit.

286 1769 486 1831 Corol.
532 1790 578 1830 1.
637 1769 810 1829 Hinc
842 1770 894 1829 si
942 1791 1127 1850 aquae
1159 1769 1432 1832 altitudo
1480 1773 1610 1832 CA
1648 1773 2038 1853 producatur
2066 1775 2148 1836 ad
2180 1776 2270 1850 Is,
2305 1790 2375 1838 ut
2415 1778 2498 1840 sit
2526 1779 2596 1839 A
2611 1779 2694 1840 K
2767 1839 2771 1842 ,
2818 1732 2825 1842 Ιἶ

164 1868 246 1930 ad
285 1869 427 1930 CK
452 1869 513 1929 in
546 1867 867 1949 duplicata
899 1871 1143 1932 ratione
1175 1892 1340 1932 areae
1373 1871 1698 1935 foraminis
1733 1874 1794 1934 in
1828 1875 2055 1956 quavis
2088 1876 2265 1938 fundi
2307 1892 2488 1958 parte
2518 1878 2682 1953 facti,

163 1971 245 2031 ad
278 1992 491 2032 aream
524 1969 734 2032 circuli
765 1972 955 2034 AB:
1002 1970 1306 2033 velocitas
1339 1995 1524 2054 aquae
1558 1974 1875 2037 effluentis
1918 1975 2182 2058 aequalis
2214 1978 2334 2039 erit
2364 1978 2684 2042 velocitati

163 2094 355 2154 quam
387 2094 555 2153 aqua
579 2071 869 2134 cadendo
903 2072 964 2133 ἃ
996 2094 1143 2134 casu
1173 2095 1289 2135 suo
1321 2074 1744 2138 describendo
1769 2074 2170 2139 altitudinem
2194 2079 2277 2139 K
2285 2079 2343 2141 C
2360 2080 2686 2162 acquirere

161 2186 389 2256 potest.

280 2276 480 2339 Corol.
521 2297 571 2339 2.
626 2276 715 2338 Et
746 2276 859 2349 viS,
895 2298 1022 2357 qua
1054 2290 1226 2338 totus
1273 2299 1458 2358 aquae
1501 2276 1818 2340 exilientis
1865 2291 2075 2340 motus
2120 2281 2410 2362 generari
2455 2295 2683 2363 potest,

161 2375 422 2457 aequalis
455 2391 553 2438 est
584 2377 849 2457 ponderi
884 2376 1245 2458 cylindricae
1279 2377 1593 2442 columnae
1625 2402 1827 2462 aquae,
1862 2381 2039 2463 cujus
2071 2381 2241 2444 basis
2273 2397 2371 2445 est
2399 2383 2685 2447 foramen

158 2478 311 2550 EF,
348 2477 409 2538 &
456 2477 726 2540 altitudo
773 2478 943 2539 25]
981 2477 1083 2540 vel
1140 2480 1249 2540 2C
1252 2480 1342 2541 K.
1444 2480 1615 2542 Nam
1665 2503 1834 2563 aqua
1881 2480 2162 2556 exiliens,
2214 2505 2343 2565 quo
2396 2498 2685 2567 tempore

160 2577 323 2639 hanc
356 2577 718 2640 columnam
752 2593 981 2660 aequat,
1016 2579 1303 2660 pondere
1341 2602 1458 2642 suo
1491 2582 1573 2643 ab
1619 2580 1955 2644 altitudine
1991 2583 2110 2645 GJ
2132 2583 2422 2647 cadendo
2454 2583 2684 2648 veloci-

159 2691 357 2740 tatem
390 2701 586 2753 suam,
622 2702 748 2760 qua
779 2679 969 2752 exilit,
1005 2682 1332 2762 acquirere
1365 2695 1593 2763 potest.

280 2780 480 2841 Corol.
523 2801 574 2858 3.
631 2780 889 2842 Pondus
939 2803 1124 2862 aquae
1180 2784 1373 2845 totius
1428 2783 1490 2844 in
1546 2807 1701 2847 vase
1748 2785 1819 2846 A
1834 2785 2052 2848 BDC
2098 2800 2197 2848 est
2244 2787 2326 2849 ad
2379 2788 2683 2870 ponderis

161 2892 425 2960 partem,
478 2902 622 2961 quae
678 2882 741 2941 in
803 2882 1131 2943 defluxum
1182 2906 1370 2965 aquae
1425 2884 1831 2966 impenditur,
1884 2900 1955 2948 ut
2003 2909 2254 2950 summa
2307 2889 2682 2953 circulorum

161 2982 230 3041 A
265 2982 331 3041 B
393 2981 453 3042 &
512 2983 668 3043 EF
719 2983 801 3043 ad
862 2982 1128 3064 duplum
1190 2985 1492 3047 circulum
1542 2989 1703 3052 EF.

160 3082 263 3144 Sit
316 3083 484 3144 enim
539 3085 589 3143 l
611 3073 667 3144 O
720 3085 932 3146 media
992 3087 1482 3167 proportionalis
1545 3090 1709 3152 inter

155 3183 207 3242 J
208 3183 296 3242 H
319 3182 380 3244 &
403 3183 563 3255 JG,·
609 3183 670 3244 ἃ
703 3206 871 3265 aqua
901 3207 1017 3265 per
1046 3186 1332 3250 foramen
1358 3191 1506 3250 EF
1526 3212 1704 3273 egre-

157 3282 357 3354 dienS,
415 3305 544 3364 quo
597 3297 885 3365 ternpore
937 3301 1121 3368 gutta
1183 3290 1474 3353 cadendo
1528 3292 1610 3353 ab
1663 3294 1714 3354 l

156 3382 515 3445 describere
563 3398 780 3465 posset
825 3384 1226 3450 altitudinem
1263 3392 1314 3450 J
1331 3391 1405 3464 G,
1441 3392 1705 3474 aequalis

156 3482 277 3546 erit
322 3482 609 3565 cylindro
659 3486 836 3567 cujus
878 3486 1049 3548 basis
1092 3503 1190 3550 est
1239 3489 1506 3553 circulus
1554 3494 1626 3553 E
1645 3494 1718 3554 F

156 3584 218 3646 &
255 3582 527 3647 altitudo
564 3598 664 3647 est
706 3607 737 3646 2
760 3587 810 3646 J
829 3587 903 3659 G,
940 3587 1002 3647 id
1047 3602 1160 3661 est,
1196 3589 1483 3670 cylindro
1525 3595 1704 3676 cujus

153 3685 324 3747 basis
341 3683 457 3748 *est
488 3684 754 3747 circulus
784 3687 854 3746 A
878 3687 946 3747 B
977 3686 1038 3748 Sc
1069 3686 1339 3751 altitudo
1371 3705 1469 3752 est
1514 3694 1610 3753 2]
1626 3695 1701 3769 O,

153 3807 301 3847 nam
339 3784 606 3848 circulus
637 3787 795 3847 EF
825 3801 923 3849 est
969 3788 1051 3849 ad
1091 3789 1390 3852 circulum
1434 3794 1501 3854 A
1527 3795 1594 3854 B
1639 3795 1700 3856 in

151 3886 595 3969 subduplicata
643 3888 886 3951 ratione
923 3887 1273 3953 altitudinis
1310 3893 1460 3955 [Η
1491 3895 1572 3956 ad
1612 3895 1697 3957 al-

1740 3143 1784 3184 A
