<?xml version="1.0" encoding="UTF-8"?>
<!DOCTYPE html PUBLIC "-//W3C//DTD XHTML 1.0 Transitional//EN"
    "http://www.w3.org/TR/xhtml1/DTD/xhtml1-transitional.dtd">
<html xmlns="http://www.w3.org/1999/xhtml" xml:lang="en" lang="en">
 <head>
  <title>
</title>
<meta http-equiv="Content-Type" content="text/html;charset=utf-8" />
  <meta name='ocr-system' content='tesseract 3.04.00' />
  <meta name='ocr-capabilities' content='ocr_page ocr_carea ocr_par ocr_line ocrx_word'/>
</head>
<body>
  <div class='ocr_page' id='page_1' title='image "./principia00newtuoft/principia00newtuoft_0579.png"; bbox 0 0 2846 4250; ppageno 0'>
   <div class='ocr_carea' id='block_1_1' title="bbox 0 0 421 104">
    <p class='ocr_par' dir='ltr' id='par_1_1' title="bbox 0 0 421 104">
     <span class='ocr_line' id='line_1_1' title="bbox 0 0 421 77; baseline -0.014 -62"><span class='ocrx_word' id='word_1_1' title='bbox 0 0 225 77; x_wconf 48' lang='lat' dir='ltr'>WWQD</span> <span class='ocrx_word' id='word_1_2' title='bbox 283 0 318 11; x_wconf 69' lang='grc' dir='ltr'>ἰῑ</span> <span class='ocrx_word' id='word_1_3' title='bbox 340 6 346 10; x_wconf 94' lang='grc'>-</span> <span class='ocrx_word' id='word_1_4' title='bbox 376 0 421 13; x_wconf 25' lang='lat' dir='ltr'>,aa</span> 
     </span>
     <span class='ocr_line' id='line_1_2' title="bbox 107 25 332 40; baseline -0.004 -2"><span class='ocrx_word' id='word_1_5' title='bbox 107 25 115 38; x_wconf 64' lang='lat'>.¹</span> <span class='ocrx_word' id='word_1_6' title='bbox 180 35 181 40; x_wconf 62' lang='grc'>,</span> <span class='ocrx_word' id='word_1_7' title='bbox 322 27 332 37; x_wconf 80' lang='grc' dir='ltr'>Ι</span> 
     </span>
     <span class='ocr_line' id='line_1_3' title="bbox 30 58 183 104; baseline -0.007 -17"><span class='ocrx_word' id='word_1_8' title='bbox 30 83 35 87; x_wconf 83' lang='grc'><strong>.</strong></span> <span class='ocrx_word' id='word_1_9' title='bbox 47 66 99 104; x_wconf 55' lang='grc'>1“.,“</span> <span class='ocrx_word' id='word_1_10' title='bbox 173 58 183 64; x_wconf 49' lang='lat'><em>⁶</em></span> 
     </span>
    </p>
   </div>
   <div class='ocr_carea' id='block_1_2' title="bbox 147 245 1432 2451">
    <p class='ocr_par' dir='ltr' id='par_1_2' title="bbox 148 245 1300 377">
     <span class='ocr_line' id='line_1_4' title="bbox 148 245 395 297; baseline -0.008 0"><span class='ocrx_word' id='word_1_11' title='bbox 148 245 395 297; x_wconf 88' lang='lat' dir='ltr'>Sonorum</span> 
     </span>
     <span class='ocr_line' id='line_1_5' title="bbox 214 311 1314 377; baseline -0.005 -14"><span class='ocrx_word' id='word_1_12' title='bbox 214 323 392 364; x_wconf 83' lang='lat' dir='ltr'>natura</span> <span class='ocrx_word' id='word_1_13' title='bbox 414 311 685 377; x_wconf 85' lang='lat' dir='ltr'>explicatur</span> <span class='ocrx_word' id='word_1_14' title='bbox 707 312 781 372; x_wconf 92' lang='lat'><strong>11,</strong></span> <span class='ocrx_word' id='word_1_15' title='bbox 806 326 887 374; x_wconf 92' lang='lat'>43,</span> <span class='ocrx_word' id='word_1_16' title='bbox 913 324 993 372; x_wconf 94' lang='lat'>47,</span> <span class='ocrx_word' id='word_1_17' title='bbox 1021 312 1102 371; x_wconf 89' lang='lat'>48,</span> <span class='ocrx_word' id='word_1_18' title='bbox 1127 325 1208 374; x_wconf 90' lang='lat'>49,</span> <span class='ocrx_word' id='word_1_19' title='bbox 1237 325 1314 374; x_wconf 88' lang='lat'>50.</span> 
     </span>
    </p>

    <p class='ocr_par' dir='ltr' id='par_1_3' title="bbox 147 377 1415 455">
     <span class='ocr_line' id='line_1_6' title="bbox 147 377 1415 455; baseline -0.002 -27"><span class='ocrx_word' id='word_1_20' title='bbox 147 424 153 428; x_wconf 91' lang='lat'>.</span> <span class='ocrx_word' id='word_1_21' title='bbox 216 379 509 446; x_wconf 84' lang='lat' dir='ltr'>propagatio</span> <span class='ocrx_word' id='word_1_22' title='bbox 542 378 753 455; x_wconf 87' lang='lat' dir='ltr'><strong>divergit</strong></span> <span class='ocrx_word' id='word_1_23' title='bbox 780 395 811 427; x_wconf 91' lang='lat' dir='ltr'>a</span> <span class='ocrx_word' id='word_1_24' title='bbox 833 387 970 428; x_wconf 91' lang='lat' dir='ltr'>recto</span> <span class='ocrx_word' id='word_1_25' title='bbox 995 377 1190 427; x_wconf 87' lang='lat' dir='ltr'><strong>tramite</strong></span> <span class='ocrx_word' id='word_1_26' title='bbox 1215 381 1329 441; x_wconf 89' lang='lat'>361,</span> <span class='ocrx_word' id='word_1_27' title='bbox 1357 395 1415 441; x_wconf 92' lang='lat'>9.</span> 
     </span>
    </p>

    <p class='ocr_par' dir='ltr' id='par_1_4' title="bbox 285 444 1192 511">
     <span class='ocr_line' id='line_1_7' title="bbox 285 444 1192 511; baseline -0.006 -14"><span class='ocrx_word' id='word_1_28' title='bbox 285 449 343 497; x_wconf 87' lang='lat' dir='ltr'>fit</span> <span class='ocrx_word' id='word_1_29' title='bbox 364 464 455 511; x_wconf 93' lang='lat' dir='ltr'>per</span> <span class='ocrx_word' id='word_1_30' title='bbox 475 445 797 511; x_wconf 79' lang='lat' dir='ltr'>agitationem</span> <span class='ocrx_word' id='word_1_31' title='bbox 820 444 946 494; x_wconf 63' lang='lat' dir='ltr'>acris</span> <span class='ocrx_word' id='word_1_32' title='bbox 971 459 1192 508; x_wconf 89' lang='lat'><strong>372,10.</strong></span> 
     </span>
    </p>

    <p class='ocr_par' dir='ltr' id='par_1_5' title="bbox 219 512 1416 712">
     <span class='ocr_line' id='line_1_8' title="bbox 219 512 1416 576; baseline -0.005 -11"><span class='ocrx_word' id='word_1_33' title='bbox 219 515 459 565; x_wconf 91' lang='lat' dir='ltr'>velocitas</span> <span class='ocrx_word' id='word_1_34' title='bbox 519 522 758 576; x_wconf 90' lang='lat' dir='ltr'>computo</span> <span class='ocrx_word' id='word_1_35' title='bbox 815 512 1062 576; x_wconf 88' lang='lat' dir='ltr'>colligitur</span> <span class='ocrx_word' id='word_1_36' title='bbox 1130 525 1416 575; x_wconf 93' lang='lat'>372,17·,</span> 
     </span>
     <span class='ocr_line' id='line_1_9' title="bbox 283 579 1416 646; baseline -0.003 -16"><span class='ocrx_word' id='word_1_37' title='bbox 283 582 540 646; x_wconf 89' lang='lat' dir='ltr'>paululum</span> <span class='ocrx_word' id='word_1_38' title='bbox 574 582 736 644; x_wconf 88' lang='lat' dir='ltr'>major</span> <span class='ocrx_word' id='word_1_39' title='bbox 759 596 867 629; x_wconf 91' lang='lat' dir='ltr'>esse</span> <span class='ocrx_word' id='word_1_40' title='bbox 892 580 1044 629; x_wconf 89' lang='lat' dir='ltr'>debet</span> <span class='ocrx_word' id='word_1_41' title='bbox 1067 579 1241 629; x_wconf 87' lang='lat' dir='ltr'>aestivo</span> <span class='ocrx_word' id='word_1_42' title='bbox 1266 595 1416 642; x_wconf 90' lang='lat' dir='ltr'>quarn</span> 
     </span>
     <span class='ocr_line' id='line_1_10' title="bbox 283 645 1378 712; baseline -0.003 -15"><span class='ocrx_word' id='word_1_43' title='bbox 283 650 508 712; x_wconf 90' lang='lat' dir='ltr'>hyberno</span> <span class='ocrx_word' id='word_1_44' title='bbox 532 656 755 711; x_wconf 90' lang='lat' dir='ltr'>tempore</span> <span class='ocrx_word' id='word_1_45' title='bbox 779 663 869 710; x_wconf 91' lang='lat' dir='ltr'>per</span> <span class='ocrx_word' id='word_1_46' title='bbox 891 645 1133 696; x_wconf 87' lang='lat' dir='ltr'>theoriam</span> <span class='ocrx_word' id='word_1_47' title='bbox 1159 660 1274 709; x_wconf 87' lang='lat'>373,</span> <span class='ocrx_word' id='word_1_48' title='bbox 1303 649 1378 695; x_wconf 92' lang='lat'>26.</span> 
     </span>
    </p>

    <p class='ocr_par' dir='ltr' id='par_1_6' title="bbox 218 713 1419 847">
     <span class='ocr_line' id='line_1_11' title="bbox 218 713 1419 774; baseline -0.003 -8"><span class='ocrx_word' id='word_1_49' title='bbox 218 715 429 766; x_wconf 91' lang='lat' dir='ltr'>cessatio</span> <span class='ocrx_word' id='word_1_50' title='bbox 468 716 524 764; x_wconf 81' lang='lat' dir='ltr'>fit</span> <span class='ocrx_word' id='word_1_51' title='bbox 565 714 768 774; x_wconf 90' lang='lat' dir='ltr'>statim,</span> <span class='ocrx_word' id='word_1_52' title='bbox 784 713 872 763; x_wconf 92' lang='lat' dir='ltr'>ubi</span> <span class='ocrx_word' id='word_1_53' title='bbox 913 723 1074 763; x_wconf 87' lang='lat' dir='ltr'>cessat</span> <span class='ocrx_word' id='word_1_54' title='bbox 1112 723 1280 763; x_wconf 89' lang='lat' dir='ltr'>motus</span> <span class='ocrx_word' id='word_1_55' title='bbox 1315 730 1419 762; x_wconf 92' lang='lat' dir='ltr'>cor-</span> 
     </span>
     <span class='ocr_line' id='line_1_12' title="bbox 285 780 858 853; baseline -0.005 -22"><span class='ocrx_word' id='word_1_56' title='bbox 285 782 420 847; x_wconf 90' lang='lat' dir='ltr'>poris</span> <span class='ocrx_word' id='word_1_57' title='bbox 445 780 611 831; x_wconf 90' lang='lat' dir='ltr'>sonori</span> <span class='ocrx_word' id='word_1_58' title='bbox 635 795 752 853; x_wconf 90' lang='lat'>374,</span> <span class='ocrx_word' id='word_1_59' title='bbox 780 782 858 830; x_wconf 92' lang='lat'>26.</span> 
     </span>
    </p>

    <p class='ocr_par' dir='ltr' id='par_1_7' title="bbox 218 847 1419 980">
     <span class='ocr_line' id='line_1_13' title="bbox 218 847 1419 914; baseline -0.002 -15"><span class='ocrx_word' id='word_1_60' title='bbox 218 849 555 914; x_wconf 87' lang='lat' dir='ltr'>augmentatio</span> <span class='ocrx_word' id='word_1_61' title='bbox 612 865 702 913; x_wconf 92' lang='lat' dir='ltr'>per</span> <span class='ocrx_word' id='word_1_62' title='bbox 746 849 895 897; x_wconf 89' lang='lat' dir='ltr'>tubos</span> <span class='ocrx_word' id='word_1_63' title='bbox 953 847 1419 911; x_wconf 90' lang='lat' dir='ltr'>stentorophonicos</span> 
     </span>
     <span class='ocr_line' id='line_1_14' title="bbox 290 931 475 980; baseline 0 0"><span class='ocrx_word' id='word_1_64' title='bbox 290 931 403 980; x_wconf 88' lang='grc'>374</span> <span class='ocrx_word' id='word_1_65' title='bbox 432 933 475 980; x_wconf 93' lang='grc'>9·</span> 
     </span>
    </p>

    <p class='ocr_par' dir='ltr' id='par_1_8' title="bbox 153 984 377 1050">
     <span class='ocr_line' id='line_1_15' title="bbox 153 984 377 1050; baseline -0.018 -14"><span class='ocrx_word' id='word_1_66' title='bbox 153 984 377 1050; x_wconf 90' lang='lat' dir='ltr'>Spatium</span> 
     </span>
    </p>

    <p class='ocr_par' dir='ltr' id='par_1_9' title="bbox 220 1049 1150 1114">
     <span class='ocr_line' id='line_1_16' title="bbox 220 1049 1150 1114; baseline -0.004 -12"><span class='ocrx_word' id='word_1_67' title='bbox 220 1053 502 1102; x_wconf 91' lang='lat' dir='ltr'>absolutum</span> <span class='ocrx_word' id='word_1_68' title='bbox 528 1054 574 1101; x_wconf 65' lang='grc' dir='ltr'>δε</span> <span class='ocrx_word' id='word_1_69' title='bbox 599 1049 857 1100; x_wconf 91' lang='lat' dir='ltr'>relativum</span> <span class='ocrx_word' id='word_1_70' title='bbox 881 1065 928 1114; x_wconf 90' lang='lat' dir='ltr'>p.</span> <span class='ocrx_word' id='word_1_71' title='bbox 959 1051 1004 1109; x_wconf 93' lang='lat'>6,</span> <span class='ocrx_word' id='word_1_72' title='bbox 1035 1051 1136 1111; x_wconf 90' lang='lat'>7,8</span> <span class='ocrx_word' id='word_1_73' title='bbox 1141 1087 1150 1098; x_wconf 95' lang='lat'>.</span> 
     </span>
    </p>

    <p class='ocr_par' dir='ltr' id='par_1_10' title="bbox 221 1118 1177 1182">
     <span class='ocr_line' id='line_1_17' title="bbox 221 1118 1177 1182; baseline -0.004 -14"><span class='ocrx_word' id='word_1_74' title='bbox 221 1136 324 1169; x_wconf 92' lang='lat' dir='ltr'>non</span> <span class='ocrx_word' id='word_1_75' title='bbox 349 1129 425 1168; x_wconf 92' lang='lat' dir='ltr'>est</span> <span class='ocrx_word' id='word_1_76' title='bbox 447 1118 703 1182; x_wconf 85' lang='lat' dir='ltr'>aequaliter</span> <span class='ocrx_word' id='word_1_77' title='bbox 727 1119 931 1181; x_wconf 92' lang='lat' dir='ltr'>plenum</span> <span class='ocrx_word' id='word_1_78' title='bbox 955 1133 1069 1177; x_wconf 91' lang='lat'>402,</span> <span class='ocrx_word' id='word_1_79' title='bbox 1101 1131 1177 1178; x_wconf 94' lang='lat'>27.</span> 
     </span>
    </p>

    <p class='ocr_par' dir='ltr' id='par_1_11' title="bbox 154 1183 1423 1384">
     <span class='ocr_line' id='line_1_18' title="bbox 154 1183 1423 1251; baseline -0.003 -14"><span class='ocrx_word' id='word_1_80' title='bbox 154 1186 455 1251; x_wconf 78' lang='lat' dir='ltr'>Sphaeroidis</span> <span class='ocrx_word' id='word_1_81' title='bbox 490 1186 732 1246; x_wconf 87' lang='lat' dir='ltr'>attractio,</span> <span class='ocrx_word' id='word_1_82' title='bbox 759 1186 901 1248; x_wconf 90' lang='lat' dir='ltr'>cujus</span> <span class='ocrx_word' id='word_1_83' title='bbox 926 1183 1272 1248; x_wconf 88' lang='lat' dir='ltr'>particularum</span> <span class='ocrx_word' id='word_1_84' title='bbox 1298 1183 1423 1234; x_wconf 91' lang='lat' dir='ltr'>vires</span> 
     </span>
     <span class='ocr_line' id='line_1_19' title="bbox 291 1251 1422 1318; baseline -0.004 -14"><span class='ocrx_word' id='word_1_85' title='bbox 291 1263 405 1304; x_wconf 91' lang='lat' dir='ltr'>sunt</span> <span class='ocrx_word' id='word_1_86' title='bbox 438 1253 688 1318; x_wconf 86' lang='lat' dir='ltr'>reciproce</span> <span class='ocrx_word' id='word_1_87' title='bbox 717 1262 772 1302; x_wconf 92' lang='lat' dir='ltr'>ut</span> <span class='ocrx_word' id='word_1_88' title='bbox 806 1253 1047 1316; x_wconf 87' lang='lat' dir='ltr'>quadrata</span> <span class='ocrx_word' id='word_1_89' title='bbox 1079 1251 1422 1301; x_wconf 85' lang='lat' dir='ltr'>distantiarum</span> 
     </span>
     <span class='ocr_line' id='line_1_20' title="bbox 297 1336 480 1384; baseline -0.005 -1"><span class='ocrx_word' id='word_1_90' title='bbox 297 1336 407 1384; x_wconf 88' lang='lat'><strong>217,</strong></span> <span class='ocrx_word' id='word_1_91' title='bbox 435 1338 480 1382; x_wconf 91' lang='lat'>4-</span> 
     </span>
    </p>

    <p class='ocr_par' dir='ltr' id='par_1_12' title="bbox 154 1385 1425 1454">
     <span class='ocr_line' id='line_1_21' title="bbox 154 1385 1425 1454; baseline -0.003 -16"><span class='ocrx_word' id='word_1_92' title='bbox 154 1388 372 1454; x_wconf 88' lang='lat' dir='ltr'>Spiralis,</span> <span class='ocrx_word' id='word_1_93' title='bbox 421 1405 532 1452; x_wconf 87' lang='lat' dir='ltr'>quae</span> <span class='ocrx_word' id='word_1_94' title='bbox 580 1396 716 1438; x_wconf 89' lang='lat' dir='ltr'>secat</span> <span class='ocrx_word' id='word_1_95' title='bbox 761 1386 927 1436; x_wconf 89' lang='lat' dir='ltr'>radios</span> <span class='ocrx_word' id='word_1_96' title='bbox 974 1403 1090 1436; x_wconf 90' lang='lat' dir='ltr'>suos</span> <span class='ocrx_word' id='word_1_97' title='bbox 1148 1403 1322 1436; x_wconf 90' lang='lat' dir='ltr'>omnes</span> <span class='ocrx_word' id='word_1_98' title='bbox 1374 1385 1425 1434; x_wconf 94' lang='lat' dir='ltr'>in</span> 
     </span>
    </p>

    <p class='ocr_par' dir='ltr' id='par_1_13' title="bbox 262 1454 1427 1723">
     <span class='ocr_line' id='line_1_22' title="bbox 262 1454 1424 1520; baseline -0.003 -14"><span class='ocrx_word' id='word_1_99' title='bbox 262 1473 267 1476; x_wconf 90' lang='lat'>·</span> <span class='ocrx_word' id='word_1_100' title='bbox 291 1458 475 1520; x_wconf 90' lang='lat' dir='ltr'>angulo</span> <span class='ocrx_word' id='word_1_101' title='bbox 523 1456 657 1515; x_wconf 91' lang='lat' dir='ltr'>dato,</span> <span class='ocrx_word' id='word_1_102' title='bbox 705 1471 806 1518; x_wconf 90' lang='lat' dir='ltr'>qua</span> <span class='ocrx_word' id='word_1_103' title='bbox 862 1454 972 1518; x_wconf 92' lang='lat' dir='ltr'>lege</span> <span class='ocrx_word' id='word_1_104' title='bbox 1017 1454 1091 1503; x_wconf 93' lang='lat' dir='ltr'>vis</span> <span class='ocrx_word' id='word_1_105' title='bbox 1138 1454 1424 1518; x_wconf 87' lang='lat' dir='ltr'>centripetae</span> 
     </span>
     <span class='ocr_line' id='line_1_23' title="bbox 292 1520 1424 1585; baseline -0.004 -11"><span class='ocrx_word' id='word_1_106' title='bbox 292 1523 546 1574; x_wconf 90' lang='lat' dir='ltr'>tendentis</span> <span class='ocrx_word' id='word_1_107' title='bbox 591 1524 657 1572; x_wconf 90' lang='lat' dir='ltr'>ad</span> <span class='ocrx_word' id='word_1_108' title='bbox 703 1531 927 1571; x_wconf 87' lang='lat' dir='ltr'>centrum</span> <span class='ocrx_word' id='word_1_109' title='bbox 970 1520 1161 1585; x_wconf 90' lang='lat' dir='ltr'>spiralis</span> <span class='ocrx_word' id='word_1_110' title='bbox 1210 1520 1424 1571; x_wconf 89' lang='lat' dir='ltr'>describi</span> 
     </span>
     <span class='ocr_line' id='line_1_24' title="bbox 257 1588 1427 1656; baseline -0.005 -13.815"><span class='ocrx_word' id='word_1_111' title='bbox 257 1601 460 1656; x_wconf 91' lang='lat' dir='ltr'>potest</span> <span class='ocrx_word' id='word_1_112' title='bbox 496 1608 527 1640; x_wconf 91' lang='lat' dir='ltr'>a</span> <span class='ocrx_word' id='word_1_113' title='bbox 565 1605 773 1654; x_wconf 88' lang='lat' dir='ltr'>corpore</span> <span class='ocrx_word' id='word_1_114' title='bbox 808 1590 1109 1649; x_wconf 89' lang='lat' dir='ltr'>revolvente,</span> <span class='ocrx_word' id='word_1_115' title='bbox 1148 1588 1427 1638; x_wconf 88' lang='lat' dir='ltr'>ostenditur</span> 
     </span>
     <span class='ocr_line' id='line_1_25' title="bbox 296 1659 756 1723; baseline -0.007 -15"><span class='ocrx_word' id='word_1_116' title='bbox 296 1661 338 1719; x_wconf 92' lang='grc' dir='ltr'>Ι,</span> <span class='ocrx_word' id='word_1_117' title='bbox 366 1677 432 1723; x_wconf 92' lang='lat'>9:</span> <span class='ocrx_word' id='word_1_118' title='bbox 471 1661 542 1719; x_wconf 95' lang='lat' dir='ltr'>II,</span> <span class='ocrx_word' id='word_1_119' title='bbox 575 1673 649 1722; x_wconf 93' lang='lat'>15,</span> <span class='ocrx_word' id='word_1_120' title='bbox 682 1659 756 1706; x_wconf 90' lang='lat'>16.</span> 
     </span>
    </p>

    <p class='ocr_par' dir='ltr' id='par_1_14' title="bbox 157 1703 1430 1994">
     <span class='ocr_line' id='line_1_26' title="bbox 157 1703 1427 1791; baseline -0.005 -14"><span class='ocrx_word' id='word_1_121' title='bbox 157 1726 390 1791; x_wconf 90' lang='lat' dir='ltr'>Spiritum</span> <span class='ocrx_word' id='word_1_122' title='bbox 415 1727 666 1790; x_wconf 89' lang='lat' dir='ltr'>quendam</span> <span class='ocrx_word' id='word_1_123' title='bbox 691 1740 900 1788; x_wconf 89' lang='lat' dir='ltr'>corpora</span> <span class='ocrx_word' id='word_1_124' title='bbox 916 1724 1269 1787; x_wconf 88' lang='lat' dir='ltr'>pervadentem</span> <span class='ocrx_word' id='word_1_125' title='bbox 1304 1703 1350 1773; x_wconf 59' lang='grc' dir='ltr'>δέ</span> <span class='ocrx_word' id='word_1_126' title='bbox 1377 1723 1427 1771; x_wconf 90' lang='lat' dir='ltr'>in</span> 
     </span>
     <span class='ocr_line' id='line_1_27' title="bbox 293 1791 1428 1859; baseline -0.005 -14"><span class='ocrx_word' id='word_1_127' title='bbox 293 1794 582 1859; x_wconf 86' lang='lat' dir='ltr'>corporibus</span> <span class='ocrx_word' id='word_1_128' title='bbox 618 1795 868 1850; x_wconf 89' lang='lat' dir='ltr'>latentem,</span> <span class='ocrx_word' id='word_1_129' title='bbox 903 1792 969 1840; x_wconf 91' lang='lat' dir='ltr'>ad</span> <span class='ocrx_word' id='word_1_130' title='bbox 997 1791 1207 1855; x_wconf 90' lang='lat' dir='ltr'>plurima</span> <span class='ocrx_word' id='word_1_131' title='bbox 1242 1800 1428 1840; x_wconf 87' lang='lat' dir='ltr'>naturae</span> 
     </span>
     <span class='ocr_line' id='line_1_28' title="bbox 295 1857 1430 1926; baseline -0.004 -15"><span class='ocrx_word' id='word_1_132' title='bbox 295 1864 628 1926; x_wconf 82' lang='lat' dir='ltr'>phaenomena</span> <span class='ocrx_word' id='word_1_133' title='bbox 659 1860 912 1919; x_wconf 88' lang='lat' dir='ltr'>solvenda,</span> <span class='ocrx_word' id='word_1_134' title='bbox 944 1858 1125 1922; x_wconf 88' lang='lat' dir='ltr'>requiri</span> <span class='ocrx_word' id='word_1_135' title='bbox 1159 1857 1430 1923; x_wconf 90' lang='lat' dir='ltr'>suggeritur</span> 
     </span>
     <span class='ocr_line' id='line_1_29' title="bbox 302 1945 520 1994; baseline -0.005 0"><span class='ocrx_word' id='word_1_136' title='bbox 302 1945 414 1994; x_wconf 88' lang='lat'>530</span> <span class='ocrx_word' id='word_1_137' title='bbox 445 1947 520 1993; x_wconf 90' lang='lat'>²3·</span> 
     </span>
    </p>

    <p class='ocr_par' dir='ltr' id='par_1_15' title="bbox 161 1999 652 2047">
     <span class='ocr_line' id='line_1_30' title="bbox 161 1999 652 2047; baseline -0.004 0"><span class='ocrx_word' id='word_1_138' title='bbox 161 1999 419 2047; x_wconf 88' lang='lat' dir='ltr'>Stellarum</span> <span class='ocrx_word' id='word_1_139' title='bbox 446 1999 652 2046; x_wconf 88' lang='lat' dir='ltr'>fixarum</span> 
     </span>
    </p>

    <p class='ocr_par' dir='ltr' id='par_1_16' title="bbox 229 2065 1432 2263">
     <span class='ocr_line' id='line_1_31' title="bbox 229 2065 1003 2128; baseline -0.008 -14"><span class='ocrx_word' id='word_1_140' title='bbox 229 2065 370 2128; x_wconf 91' lang='lat' dir='ltr'>quies</span> <span class='ocrx_word' id='word_1_141' title='bbox 394 2066 766 2114; x_wconf 82' lang='lat' dir='ltr'>demonstratur</span> <span class='ocrx_word' id='word_1_142' title='bbox 782 2077 814 2122; x_wconf 92' lang='lat'>4</span> <span class='ocrx_word' id='word_1_143' title='bbox 825 2078 843 2108; x_wconf 83' lang='lat'><strong>1</strong></span> <span class='ocrx_word' id='word_1_144' title='bbox 852 2078 898 2121; x_wconf 92' lang='lat'>0,</span> <span class='ocrx_word' id='word_1_145' title='bbox 928 2078 952 2109; x_wconf 93' lang='lat'><strong>2</strong></span> <span class='ocrx_word' id='word_1_146' title='bbox 962 2076 985 2122; x_wconf 96' lang='lat'><strong>7</strong></span> <span class='ocrx_word' id='word_1_147' title='bbox 993 2099 1003 2109; x_wconf 95' lang='lat'>.</span> 
     </span>
     <span class='ocr_line' id='line_1_32' title="bbox 230 2128 1432 2192; baseline -0.005 -10"><span class='ocrx_word' id='word_1_148' title='bbox 230 2132 440 2182; x_wconf 90' lang='lat' dir='ltr'>radiatio</span> <span class='ocrx_word' id='word_1_149' title='bbox 482 2135 527 2182; x_wconf 71' lang='grc' dir='ltr'>δε</span> <span class='ocrx_word' id='word_1_150' title='bbox 565 2128 849 2182; x_wconf 91' lang='lat' dir='ltr'>scintillatio</span> <span class='ocrx_word' id='word_1_151' title='bbox 885 2128 1065 2192; x_wconf 89' lang='lat' dir='ltr'>quibus</span> <span class='ocrx_word' id='word_1_152' title='bbox 1094 2129 1255 2179; x_wconf 88' lang='lat' dir='ltr'>causis</span> <span class='ocrx_word' id='word_1_153' title='bbox 1291 2130 1432 2179; x_wconf 90' lang='lat' dir='ltr'>refer-</span> 
     </span>
     <span class='ocr_line' id='line_1_33' title="bbox 298 2199 778 2263; baseline -0.004 -14"><span class='ocrx_word' id='word_1_154' title='bbox 298 2201 442 2250; x_wconf 89' lang='lat' dir='ltr'>endae</span> <span class='ocrx_word' id='word_1_155' title='bbox 468 2199 566 2249; x_wconf 91' lang='lat' dir='ltr'>sint</span> <span class='ocrx_word' id='word_1_156' title='bbox 592 2214 705 2263; x_wconf 91' lang='lat'><strong>510,</strong></span> <span class='ocrx_word' id='word_1_157' title='bbox 733 2201 778 2248; x_wconf 91' lang='lat'>8.</span> 
     </span>
    </p>

    <p class='ocr_par' dir='ltr' id='par_1_17' title="bbox 162 2266 1252 2332">
     <span class='ocr_line' id='line_1_34' title="bbox 162 2266 1252 2332; baseline -0.005 -15"><span class='ocrx_word' id='word_1_158' title='bbox 162 2269 327 2317; x_wconf 86' lang='lat' dir='ltr'>Stellae</span> <span class='ocrx_word' id='word_1_159' title='bbox 352 2284 496 2317; x_wconf 88' lang='lat' dir='ltr'>novae</span> <span class='ocrx_word' id='word_1_160' title='bbox 520 2269 654 2317; x_wconf 91' lang='lat' dir='ltr'>unde</span> <span class='ocrx_word' id='word_1_161' title='bbox 680 2266 793 2316; x_wconf 91' lang='lat' dir='ltr'>oriri</span> <span class='ocrx_word' id='word_1_162' title='bbox 815 2269 1009 2332; x_wconf 78' lang='lat' dir='ltr'>possint</span> <span class='ocrx_word' id='word_1_163' title='bbox 1036 2280 1146 2330; x_wconf 87' lang='lat'><strong>525,</strong></span> <span class='ocrx_word' id='word_1_164' title='bbox 1179 2267 1252 2313; x_wconf 93' lang='lat'>28.</span> 
     </span>
    </p>

    <p class='ocr_par' dir='ltr' id='par_1_18' title="bbox 162 2335 1432 2451">
     <span class='ocr_line' id='line_1_35' title="bbox 162 2335 1432 2395; baseline -0.006 -10"><span class='ocrx_word' id='word_1_165' title='bbox 162 2335 459 2385; x_wconf 86' lang='lat' dir='ltr'>Substantiae</span> <span class='ocrx_word' id='word_1_166' title='bbox 490 2352 650 2385; x_wconf 91' lang='lat' dir='ltr'>rerum</span> <span class='ocrx_word' id='word_1_167' title='bbox 686 2336 909 2387; x_wconf 89' lang='lat' dir='ltr'>omnium</span> <span class='ocrx_word' id='word_1_168' title='bbox 933 2335 1142 2386; x_wconf 85' lang='lat' dir='ltr'>occultae</span> <span class='ocrx_word' id='word_1_169' title='bbox 1168 2341 1282 2382; x_wconf 92' lang='lat' dir='ltr'>sunt</span> <span class='ocrx_word' id='word_1_170' title='bbox 1319 2345 1432 2395; x_wconf 91' lang='lat'>530,</span> 
     </span>
     <span class='ocr_line' id='line_1_36' title="bbox 306 2420 381 2451; baseline 0 0"><span class='ocrx_word' id='word_1_171' title='bbox 306 2420 381 2451; x_wconf 88' lang='lat'><strong>21.</strong></span> 
     </span>
    </p>
   </div>
   <div class='ocr_carea' id='block_1_3' title="bbox 813 2515 859 2561">
    <p class='ocr_par' dir='ltr' id='par_1_19' title="bbox 813 2515 859 2561">
     <span class='ocr_line' id='line_1_37' title="bbox 813 2515 859 2561; baseline 0 0"><span class='ocrx_word' id='word_1_172' title='bbox 813 2515 859 2561; x_wconf 95' lang='lat' dir='ltr'><strong>T</strong></span> 
     </span>
    </p>
   </div>
   <div class='ocr_carea' id='block_1_4' title="bbox 168 2577 1448 3946">
    <p class='ocr_par' dir='ltr' id='par_1_20' title="bbox 169 2577 1263 2669">
     <span class='ocr_line' id='line_1_38' title="bbox 169 2577 1263 2669; baseline -0.004 -15"><span class='ocrx_word' id='word_1_173' title='bbox 169 2607 390 2669; x_wconf 88' lang='lat' dir='ltr'>Tempus</span> <span class='ocrx_word' id='word_1_174' title='bbox 415 2605 697 2654; x_wconf 90' lang='lat' dir='ltr'>absolutum</span> <span class='ocrx_word' id='word_1_175' title='bbox 723 2607 768 2654; x_wconf 67' lang='grc' dir='ltr'>δε</span> <span class='ocrx_word' id='word_1_176' title='bbox 794 2577 1050 2654; x_wconf 85' lang='lat' dir='ltr'>relativum</span> <span class='ocrx_word' id='word_1_177' title='bbox 1076 2620 1122 2667; x_wconf 88' lang='lat' dir='ltr'>p.</span> <span class='ocrx_word' id='word_1_178' title='bbox 1153 2605 1197 2662; x_wconf 94' lang='lat'>6,</span> <span class='ocrx_word' id='word_1_179' title='bbox 1222 2617 1263 2664; x_wconf 93' lang='lat'>7.</span> 
     </span>
    </p>

    <p class='ocr_par' dir='ltr' id='par_1_21' title="bbox 168 2669 1437 2871">
     <span class='ocr_line' id='line_1_39' title="bbox 168 2669 1437 2736; baseline -0.005 -14"><span class='ocrx_word' id='word_1_180' title='bbox 168 2671 432 2736; x_wconf 90' lang='lat' dir='ltr'>Temporis</span> <span class='ocrx_word' id='word_1_181' title='bbox 490 2672 706 2735; x_wconf 83' lang='lat' dir='ltr'>aequatio</span> <span class='ocrx_word' id='word_1_182' title='bbox 764 2671 1096 2721; x_wconf 89' lang='lat' dir='ltr'>astronomica</span> <span class='ocrx_word' id='word_1_183' title='bbox 1152 2687 1242 2734; x_wconf 89' lang='lat' dir='ltr'>per</span> <span class='ocrx_word' id='word_1_184' title='bbox 1294 2669 1437 2717; x_wconf 87' lang='lat' dir='ltr'>horo-</span> 
     </span>
     <span class='ocr_line' id='line_1_40' title="bbox 305 2735 1437 2804; baseline -0.004 -16"><span class='ocrx_word' id='word_1_185' title='bbox 305 2739 490 2804; x_wconf 91' lang='lat' dir='ltr'>logium</span> <span class='ocrx_word' id='word_1_186' title='bbox 510 2739 862 2789; x_wconf 90' lang='lat' dir='ltr'>oscillatorium</span> <span class='ocrx_word' id='word_1_187' title='bbox 880 2742 926 2788; x_wconf 84' lang='lat'>&amp;</span> <span class='ocrx_word' id='word_1_188' title='bbox 943 2738 1152 2802; x_wconf 90' lang='lat' dir='ltr'>eclipses</span> <span class='ocrx_word' id='word_1_189' title='bbox 1171 2735 1437 2787; x_wconf 88' lang='lat' dir='ltr'>satellitum</span> 
     </span>
     <span class='ocr_line' id='line_1_41' title="bbox 305 2807 963 2871; baseline -0.002 -15"><span class='ocrx_word' id='word_1_190' title='bbox 305 2807 445 2871; x_wconf 91' lang='lat' dir='ltr'>Jovis</span> <span class='ocrx_word' id='word_1_191' title='bbox 469 2809 823 2870; x_wconf 90' lang='lat' dir='ltr'>comprobatur</span> <span class='ocrx_word' id='word_1_192' title='bbox 846 2809 892 2867; x_wconf 91' lang='lat'>8,</span> <span class='ocrx_word' id='word_1_193' title='bbox 921 2809 963 2855; x_wconf 91' lang='lat'><strong>8.</strong></span> 
     </span>
    </p>

    <p class='ocr_par' dir='ltr' id='par_1_22' title="bbox 171 2869 1438 3072">
     <span class='ocr_line' id='line_1_42' title="bbox 171 2869 1438 2950; baseline -0.006 -25"><span class='ocrx_word' id='word_1_194' title='bbox 171 2877 422 2939; x_wconf 88' lang='lat' dir='ltr'>Tempora</span> <span class='ocrx_word' id='word_1_195' title='bbox 446 2874 700 2939; x_wconf 92' lang='lat' dir='ltr'>periodica</span> <span class='ocrx_word' id='word_1_196' title='bbox 723 2891 985 2950; x_wconf 83' lang='lat' dir='ltr'>corporum</span> <span class='ocrx_word' id='word_1_197' title='bbox 1004 2871 1361 2923; x_wconf 89' lang='lat' dir='ltr'>revolventium</span> <span class='ocrx_word' id='word_1_198' title='bbox 1388 2869 1438 2918; x_wconf 91' lang='lat' dir='ltr'>in</span> 
     </span>
     <span class='ocr_line' id='line_1_43' title="bbox 306 2940 1441 3006; baseline -0.004 -14"><span class='ocrx_word' id='word_1_199' title='bbox 306 2942 561 3006; x_wconf 91' lang='lat' dir='ltr'>ellipsibus</span> <span class='ocrx_word' id='word_1_200' title='bbox 603 2942 689 2991; x_wconf 92' lang='lat' dir='ltr'>ubi</span> <span class='ocrx_word' id='word_1_201' title='bbox 725 2942 853 2991; x_wconf 91' lang='lat' dir='ltr'>vires</span> <span class='ocrx_word' id='word_1_202' title='bbox 893 2940 1180 3004; x_wconf 87' lang='lat' dir='ltr'>centripetae</span> <span class='ocrx_word' id='word_1_203' title='bbox 1227 2940 1293 2989; x_wconf 92' lang='lat' dir='ltr'>ad</span> <span class='ocrx_word' id='word_1_204' title='bbox 1337 2955 1441 2987; x_wconf 91' lang='lat' dir='ltr'>um-</span> 
     </span>
     <span class='ocr_line' id='line_1_44' title="bbox 308 3009 929 3072; baseline -0.005 -12"><span class='ocrx_word' id='word_1_205' title='bbox 308 3009 513 3060; x_wconf 91' lang='lat' dir='ltr'>bilicum</span> <span class='ocrx_word' id='word_1_206' title='bbox 538 3011 750 3060; x_wconf 91' lang='lat' dir='ltr'>tendunt</span> <span class='ocrx_word' id='word_1_207' title='bbox 782 3023 929 3072; x_wconf 90' lang='lat'><strong>1,15.</strong></span> 
     </span>
    </p>

    <p class='ocr_par' dir='ltr' id='par_1_23' title="bbox 173 3080 341 3127">
     <span class='ocr_line' id='line_1_45' title="bbox 173 3080 341 3127; baseline 0.012 -1"><span class='ocrx_word' id='word_1_208' title='bbox 173 3080 341 3127; x_wconf 85' lang='lat' dir='ltr'>Terrae</span> 
     </span>
    </p>

    <p class='ocr_par' dir='ltr' id='par_1_24' title="bbox 242 3143 1445 3275">
     <span class='ocr_line' id='line_1_46' title="bbox 242 3143 1445 3208; baseline -0.003 -14"><span class='ocrx_word' id='word_1_209' title='bbox 242 3143 488 3194; x_wconf 90' lang='lat' dir='ltr'>dimensio</span> <span class='ocrx_word' id='word_1_210' title='bbox 529 3161 618 3208; x_wconf 92' lang='lat' dir='ltr'>per</span> <span class='ocrx_word' id='word_1_211' title='bbox 653 3145 982 3193; x_wconf 80' lang='lat' dir='ltr'>lVorwoodum</span> <span class='ocrx_word' id='word_1_212' title='bbox 1032 3160 1145 3204; x_wconf 88' lang='lat'>412,</span> <span class='ocrx_word' id='word_1_213' title='bbox 1188 3143 1309 3203; x_wconf 89' lang='lat' dir='ltr'>ult.;</span> <span class='ocrx_word' id='word_1_214' title='bbox 1356 3158 1445 3205; x_wconf 93' lang='lat' dir='ltr'>per</span> 
     </span>
     <span class='ocr_line' id='line_1_47' title="bbox 310 3212 1418 3275; baseline -0.003 -15"><span class='ocrx_word' id='word_1_215' title='bbox 310 3213 562 3261; x_wconf 82' lang='lat' dir='ltr'>Picartum</span> <span class='ocrx_word' id='word_1_216' title='bbox 588 3229 701 3275; x_wconf 91' lang='lat'>413,</span> <span class='ocrx_word' id='word_1_217' title='bbox 731 3225 793 3275; x_wconf 88' lang='lat'><strong>5·</strong></span> <span class='ocrx_word' id='word_1_218' title='bbox 781 3250 794 3273; x_wconf 96' lang='lat'>,</span> <span class='ocrx_word' id='word_1_219' title='bbox 829 3228 918 3275; x_wconf 94' lang='lat' dir='ltr'>per</span> <span class='ocrx_word' id='word_1_220' title='bbox 948 3212 1204 3261; x_wconf 83' lang='lat' dir='ltr'>Cassinum</span> <span class='ocrx_word' id='word_1_221' title='bbox 1231 3227 1345 3272; x_wconf 89' lang='lat'>413</span> <span class='ocrx_word' id='word_1_222' title='bbox 1375 3223 1418 3270; x_wconf 92' lang='lat'><strong>7.</strong></span> 
     </span>
    </p>

    <p class='ocr_par' dir='ltr' id='par_1_25' title="bbox 244 3278 1442 3477">
     <span class='ocr_line' id='line_1_48' title="bbox 244 3278 1442 3343; baseline -0.003 -15"><span class='ocrx_word' id='word_1_223' title='bbox 244 3280 398 3343; x_wconf 90' lang='lat' dir='ltr'>figura</span> <span class='ocrx_word' id='word_1_224' title='bbox 420 3279 680 3340; x_wconf 89' lang='lat' dir='ltr'>invenitur,</span> <span class='ocrx_word' id='word_1_225' title='bbox 707 3281 753 3328; x_wconf 90' lang='lat'>&amp;</span> <span class='ocrx_word' id='word_1_226' title='bbox 788 3278 1046 3343; x_wconf 90' lang='lat' dir='ltr'>proportio</span> <span class='ocrx_word' id='word_1_227' title='bbox 1076 3278 1442 3335; x_wconf 89' lang='lat' dir='ltr'>diametrorum,</span> 
     </span>
     <span class='ocr_line' id='line_1_49' title="bbox 312 3344 1440 3410; baseline -0.004 -14"><span class='ocrx_word' id='word_1_228' title='bbox 312 3350 359 3397; x_wconf 72' lang='grc' dir='ltr'>δε</span> <span class='ocrx_word' id='word_1_229' title='bbox 393 3363 625 3396; x_wconf 91' lang='lat' dir='ltr'>mensura</span> <span class='ocrx_word' id='word_1_230' title='bbox 658 3347 900 3410; x_wconf 90' lang='lat' dir='ltr'>graduum</span> <span class='ocrx_word' id='word_1_231' title='bbox 931 3346 983 3394; x_wconf 91' lang='lat' dir='ltr'>in</span> <span class='ocrx_word' id='word_1_232' title='bbox 1014 3344 1292 3395; x_wconf 88' lang='lat' dir='ltr'>meridiano</span> <span class='ocrx_word' id='word_1_233' title='bbox 1341 3346 1440 3404; x_wconf 95' lang='lat' dir='ltr'>III,</span> 
     </span>
     <span class='ocr_line' id='line_1_50' title="bbox 321 3431 502 3477; baseline 0 -15"><span class='ocrx_word' id='word_1_234' title='bbox 321 3431 394 3477; x_wconf 92' lang='lat'>19,</span> <span class='ocrx_word' id='word_1_235' title='bbox 426 3431 502 3462; x_wconf 87' lang='lat'>20.</span> 
     </span>
    </p>

    <p class='ocr_par' dir='ltr' id='par_1_26' title="bbox 246 3478 1446 3679">
     <span class='ocr_line' id='line_1_51' title="bbox 246 3478 1446 3544; baseline -0.003 -14"><span class='ocrx_word' id='word_1_236' title='bbox 246 3481 519 3531; x_wconf 89' lang='lat' dir='ltr'>altitudinis</span> <span class='ocrx_word' id='word_1_237' title='bbox 542 3481 608 3530; x_wconf 92' lang='lat' dir='ltr'>ad</span> <span class='ocrx_word' id='word_1_238' title='bbox 632 3489 936 3544; x_wconf 88' lang='lat' dir='ltr'>aequatorem</span> <span class='ocrx_word' id='word_1_239' title='bbox 961 3496 1109 3543; x_wconf 90' lang='lat' dir='ltr'>supra</span> <span class='ocrx_word' id='word_1_240' title='bbox 1131 3478 1446 3528; x_wconf 85' lang='lat' dir='ltr'>altitudinem</span> 
     </span>
     <span class='ocr_line' id='line_1_52' title="bbox 315 3547 1446 3612; baseline -0.002 -15"><span class='ocrx_word' id='word_1_241' title='bbox 315 3549 381 3598; x_wconf 92' lang='lat' dir='ltr'>ad</span> <span class='ocrx_word' id='word_1_242' title='bbox 405 3550 550 3612; x_wconf 88' lang='lat' dir='ltr'>polos</span> <span class='ocrx_word' id='word_1_243' title='bbox 587 3557 801 3611; x_wconf 91' lang='lat' dir='ltr'>quantus</span> <span class='ocrx_word' id='word_1_244' title='bbox 838 3547 901 3597; x_wconf 92' lang='lat' dir='ltr'>sit</span> <span class='ocrx_word' id='word_1_245' title='bbox 937 3563 1168 3597; x_wconf 88' lang='lat' dir='ltr'>excessus</span> <span class='ocrx_word' id='word_1_246' title='bbox 1205 3560 1319 3610; x_wconf 91' lang='lat'>415,</span> <span class='ocrx_word' id='word_1_247' title='bbox 1350 3563 1446 3595; x_wconf 88' lang='lat'>20:</span> 
     </span>
     <span class='ocr_line' id='line_1_53' title="bbox 317 3617 861 3679; baseline 0 -16"><span class='ocrx_word' id='word_1_248' title='bbox 317 3632 430 3676; x_wconf 91' lang='lat'>421,</span> <span class='ocrx_word' id='word_1_249' title='bbox 458 3617 750 3679; x_wconf 89' lang='lat' dir='ltr'>antepenult</span> <span class='ocrx_word' id='word_1_250' title='bbox 771 3618 861 3665; x_wconf 71' lang='grc' dir='ltr'>ὅτε.</span> 
     </span>
    </p>

    <p class='ocr_par' dir='ltr' id='par_1_27' title="bbox 248 3680 1448 3813">
     <span class='ocr_line' id='line_1_54' title="bbox 248 3680 1448 3744; baseline -0.003 -12"><span class='ocrx_word' id='word_1_251' title='bbox 248 3682 614 3733; x_wconf 89' lang='lat' dir='ltr'>semidiameter</span> <span class='ocrx_word' id='word_1_252' title='bbox 635 3682 851 3731; x_wconf 89' lang='lat' dir='ltr'>maxima</span> <span class='ocrx_word' id='word_1_253' title='bbox 884 3684 930 3731; x_wconf 87' lang='lat'>&amp;</span> <span class='ocrx_word' id='word_1_254' title='bbox 965 3680 1172 3731; x_wconf 90' lang='lat' dir='ltr'>minima</span> <span class='ocrx_word' id='word_1_255' title='bbox 1206 3695 1319 3744; x_wconf 89' lang='lat'><strong>415,</strong></span> <span class='ocrx_word' id='word_1_256' title='bbox 1351 3694 1409 3743; x_wconf 88' lang='lat'><strong>25</strong></span> <span class='ocrx_word' id='word_1_257' title='bbox 1433 3697 1448 3741; x_wconf 79' lang='lat'>3</span> 
     </span>
     <span class='ocr_line' id='line_1_55' title="bbox 316 3749 942 3813; baseline 0.002 -15"><span class='ocrx_word' id='word_1_258' title='bbox 316 3749 579 3800; x_wconf 90' lang='lat' dir='ltr'>mediocris</span> <span class='ocrx_word' id='word_1_259' title='bbox 604 3764 718 3813; x_wconf 93' lang='lat'><strong>415,</strong></span> <span class='ocrx_word' id='word_1_260' title='bbox 748 3766 824 3810; x_wconf 91' lang='lat'>20,</span> <span class='ocrx_word' id='word_1_261' title='bbox 850 3752 942 3799; x_wconf 86' lang='lat' dir='ltr'>&amp;c.</span> 
     </span>
    </p>

    <p class='ocr_par' dir='ltr' id='par_1_28' title="bbox 251 3815 1448 3946">
     <span class='ocr_line' id='line_1_56' title="bbox 251 3815 1448 3881; baseline -0.003 -15"><span class='ocrx_word' id='word_1_262' title='bbox 251 3818 427 3881; x_wconf 90' lang='lat' dir='ltr'>globus</span> <span class='ocrx_word' id='word_1_263' title='bbox 462 3817 663 3867; x_wconf 89' lang='lat' dir='ltr'>densior</span> <span class='ocrx_word' id='word_1_264' title='bbox 697 3825 773 3867; x_wconf 92' lang='lat' dir='ltr'>est</span> <span class='ocrx_word' id='word_1_265' title='bbox 795 3833 946 3880; x_wconf 91' lang='lat' dir='ltr'>quam</span> <span class='ocrx_word' id='word_1_266' title='bbox 981 3815 1022 3865; x_wconf 90' lang='lat' dir='ltr'>si</span> <span class='ocrx_word' id='word_1_267' title='bbox 1057 3824 1191 3866; x_wconf 90' lang='lat' dir='ltr'>totus</span> <span class='ocrx_word' id='word_1_268' title='bbox 1228 3831 1289 3865; x_wconf 89' lang='lat' dir='ltr'>ex</span> <span class='ocrx_word' id='word_1_269' title='bbox 1317 3830 1448 3878; x_wconf 88' lang='lat' dir='ltr'>aqua</span> 
     </span>
     <span class='ocr_line' id='line_1_57' title="bbox 318 3886 812 3946; baseline 0 -12"><span class='ocrx_word' id='word_1_270' title='bbox 318 3893 568 3935; x_wconf 89' lang='lat' dir='ltr'>constaret</span> <span class='ocrx_word' id='word_1_271' title='bbox 590 3886 706 3946; x_wconf 91' lang='lat'>406,</span> <span class='ocrx_word' id='word_1_272' title='bbox 736 3901 812 3934; x_wconf 90' lang='lat'>20.</span> 
     </span>
    </p>
   </div>
   <div class='ocr_carea' id='block_1_5' title="bbox 1165 69 1755 133">
    <p class='ocr_par' dir='ltr' id='par_1_29' title="bbox 1165 69 1755 133">
     <span class='ocr_line' id='line_1_58' title="bbox 1165 69 1755 133; baseline 0.005 -3"><span class='ocrx_word' id='word_1_273' title='bbox 1165 81 1440 131; x_wconf 55' lang='lat' dir='ltr'><em>INDEX&gt;</em></span> <span class='ocrx_word' id='word_1_274' title='bbox 1463 69 1622 132; x_wconf 77' lang='lat' dir='ltr'>RER</span> <span class='ocrx_word' id='word_1_275' title='bbox 1632 83 1755 133; x_wconf 73' lang='lat' dir='ltr'>HM</span> 
     </span>
    </p>
   </div>
   <div class='ocr_carea' id='block_1_6' title="bbox 2662 103 2780 166">
    <p class='ocr_par' dir='ltr' id='par_1_30' title="bbox 2662 103 2780 166">
     <span class='ocr_line' id='line_1_59' title="bbox 2662 103 2780 166; baseline 0 0"><span class='ocrx_word' id='word_1_276' title='bbox 2662 103 2780 166; x_wconf 87' lang='grc'>537</span> 
     </span>
    </p>
   </div>
   <div class='ocr_carea' id='block_1_7' title="bbox 1575 243 2775 579">
    <p class='ocr_par' dir='ltr' id='par_1_31' title="bbox 1577 243 2753 308">
     <span class='ocr_line' id='line_1_60' title="bbox 1577 243 2753 308; baseline 0.005 -14"><span class='ocrx_word' id='word_1_277' title='bbox 1577 243 1683 294; x_wconf 84' lang='lat' dir='ltr'>axis</span> <span class='ocrx_word' id='word_1_278' title='bbox 1705 245 1897 296; x_wconf 86' lang='lat' dir='ltr'>nutatio</span> <span class='ocrx_word' id='word_1_279' title='bbox 1923 248 2023 308; x_wconf 92' lang='lat' dir='ltr'>III,</span> <span class='ocrx_word' id='word_1_280' title='bbox 2055 264 2132 298; x_wconf 83' lang='lat'>21.</span> <span class='ocrx_word' id='word_1_281' title='bbox 2750 285 2753 288; x_wconf 93' lang='lat'><em>-</em></span> 
     </span>
    </p>

    <p class='ocr_par' dir='ltr' id='par_1_32' title="bbox 1575 314 2775 445">
     <span class='ocr_line' id='line_1_61' title="bbox 1575 314 2775 381; baseline 0.008 -21"><span class='ocrx_word' id='word_1_282' title='bbox 1575 321 1741 362; x_wconf 90' lang='lat' dir='ltr'>motus</span> <span class='ocrx_word' id='word_1_283' title='bbox 1765 330 1957 363; x_wconf 89' lang='lat' dir='ltr'>annuus</span> <span class='ocrx_word' id='word_1_284' title='bbox 1981 314 2031 363; x_wconf 92' lang='lat' dir='ltr'>in</span> <span class='ocrx_word' id='word_1_285' title='bbox 2057 317 2178 365; x_wconf 93' lang='lat' dir='ltr'>orbe</span> <span class='ocrx_word' id='word_1_286' title='bbox 2200 332 2382 381; x_wconf 89' lang='lat' dir='ltr'>magno</span> <span class='ocrx_word' id='word_1_287' title='bbox 2411 318 2775 369; x_wconf 80' lang='lat' dir='ltr'>demonstratur</span> 
     </span>
     <span class='ocr_line' id='line_1_62' title="bbox 1648 381 2239 445; baseline 0.007 -18"><span class='ocrx_word' id='word_1_288' title='bbox 1648 381 1749 440; x_wconf 94' lang='lat' dir='ltr'>III,</span> <span class='ocrx_word' id='word_1_289' title='bbox 1782 398 1856 441; x_wconf 92' lang='lat'>12,</span> <span class='ocrx_word' id='word_1_290' title='bbox 1890 399 1983 445; x_wconf 87' lang='lat'>13:</span> <span class='ocrx_word' id='word_1_291' title='bbox 2021 396 2133 445; x_wconf 91' lang='lat'><strong>522,</strong></span> <span class='ocrx_word' id='word_1_292' title='bbox 2163 385 2239 432; x_wconf 87' lang='lat'>28.</span> 
     </span>
    </p>

    <p class='ocr_par' dir='ltr' id='par_1_33' title="bbox 1580 447 2462 512">
     <span class='ocr_line' id='line_1_63' title="bbox 1580 447 2462 512; baseline 0.005 -16"><span class='ocrx_word' id='word_1_293' title='bbox 1580 447 1920 497; x_wconf 87' lang='lat' dir='ltr'>eccentricitas</span> <span class='ocrx_word' id='word_1_294' title='bbox 1946 459 2132 512; x_wconf 91' lang='lat' dir='ltr'>quanta</span> <span class='ocrx_word' id='word_1_295' title='bbox 2156 450 2219 499; x_wconf 92' lang='lat' dir='ltr'>sit</span> <span class='ocrx_word' id='word_1_296' title='bbox 2242 453 2356 511; x_wconf 95' lang='lat'>460,</span> <span class='ocrx_word' id='word_1_297' title='bbox 2388 469 2462 502; x_wconf 91' lang='lat'>10.</span> 
     </span>
    </p>

    <p class='ocr_par' dir='ltr' id='par_1_34' title="bbox 1580 514 2518 579">
     <span class='ocr_line' id='line_1_64' title="bbox 1580 514 2518 579; baseline 0.007 -18"><span class='ocrx_word' id='word_1_298' title='bbox 1580 514 1763 577; x_wconf 87' lang='lat' dir='ltr'>aphelii</span> <span class='ocrx_word' id='word_1_299' title='bbox 1786 525 1950 565; x_wconf 90' lang='lat' dir='ltr'>motus</span> <span class='ocrx_word' id='word_1_300' title='bbox 1975 526 2188 579; x_wconf 83' lang='lat' dir='ltr'>quantus</span> <span class='ocrx_word' id='word_1_301' title='bbox 2212 517 2275 567; x_wconf 91' lang='lat' dir='ltr'>sit</span> <span class='ocrx_word' id='word_1_302' title='bbox 2298 533 2413 579; x_wconf 88' lang='lat'>411,</span> <span class='ocrx_word' id='word_1_303' title='bbox 2444 536 2518 569; x_wconf 89' lang='lat'>10.</span> 
     </span>
    </p>
   </div>
   <div class='ocr_carea' id='block_1_8' title="bbox 2124 695 2173 741">
    <p class='ocr_par' dir='ltr' id='par_1_35' title="bbox 2124 695 2173 741">
     <span class='ocr_line' id='line_1_65' title="bbox 2124 695 2173 741; baseline 0 0"><span class='ocrx_word' id='word_1_304' title='bbox 2124 695 2173 741; x_wconf 93' lang='lat' dir='ltr'>V</span> 
     </span>
    </p>
   </div>
   <div class='ocr_carea' id='block_1_9' title="bbox 1514 780 2835 3943">
    <p class='ocr_par' dir='ltr' id='par_1_36' title="bbox 1514 780 2782 978">
     <span class='ocr_line' id='line_1_66' title="bbox 1514 780 2782 846; baseline 0.004 -19"><span class='ocrx_word' id='word_1_305' title='bbox 1514 781 1742 828; x_wconf 91' lang='lat' dir='ltr'>Vacuum</span> <span class='ocrx_word' id='word_1_306' title='bbox 1766 780 1924 840; x_wconf 91' lang='lat' dir='ltr'>datur,</span> <span class='ocrx_word' id='word_1_307' title='bbox 1951 782 2029 829; x_wconf 94' lang='lat' dir='ltr'>vel</span> <span class='ocrx_word' id='word_1_308' title='bbox 2065 780 2222 844; x_wconf 89' lang='lat' dir='ltr'>spatia</span> <span class='ocrx_word' id='word_1_309' title='bbox 2258 781 2426 831; x_wconf 90' lang='lat' dir='ltr'>omnia</span> <span class='ocrx_word' id='word_1_310' title='bbox 2459 781 2522 846; x_wconf 93' lang='lat' dir='ltr'>(si</span> <span class='ocrx_word' id='word_1_311' title='bbox 2555 781 2782 832; x_wconf 90' lang='lat' dir='ltr'>dicantur</span> 
     </span>
     <span class='ocr_line' id='line_1_67' title="bbox 1653 847 2781 914; baseline 0.004 -19"><span class='ocrx_word' id='word_1_312' title='bbox 1653 863 1761 896; x_wconf 89' lang='lat' dir='ltr'>esse</span> <span class='ocrx_word' id='word_1_313' title='bbox 1806 847 1975 913; x_wconf 90' lang='lat' dir='ltr'>plena)</span> <span class='ocrx_word' id='word_1_314' title='bbox 2024 864 2128 897; x_wconf 91' lang='lat' dir='ltr'>non</span> <span class='ocrx_word' id='word_1_315' title='bbox 2175 858 2290 898; x_wconf 93' lang='lat' dir='ltr'>sunt</span> <span class='ocrx_word' id='word_1_316' title='bbox 2335 849 2576 913; x_wconf 91' lang='lat' dir='ltr'>equaliter</span> <span class='ocrx_word' id='word_1_317' title='bbox 2630 851 2781 914; x_wconf 89' lang='lat' dir='ltr'>plena</span> 
     </span>
     <span class='ocr_line' id='line_1_68' title="bbox 1653 916 2535 978; baseline 0.006 -16"><span class='ocrx_word' id='word_1_318' title='bbox 1653 916 1766 977; x_wconf 83' lang='lat'><strong>356,</strong></span> <span class='ocrx_word' id='word_1_319' title='bbox 1799 931 1889 977; x_wconf 91' lang='lat'>19:</span> <span class='ocrx_word' id='word_1_320' title='bbox 1926 932 2039 975; x_wconf 93' lang='lat'><strong>402,</strong></span> <span class='ocrx_word' id='word_1_321' title='bbox 2065 917 2250 978; x_wconf 86' lang='lat' dir='ltr'>penult.</span> <span class='ocrx_word' id='word_1_322' title='bbox 2532 958 2535 961; x_wconf 94' lang='lat'><strong>.</strong></span> 
     </span>
    </p>

    <p class='ocr_par' dir='ltr' id='par_1_37' title="bbox 1517 981 2780 1178">
     <span class='ocr_line' id='line_1_69' title="bbox 1517 981 2780 1047; baseline 0.004 -18"><span class='ocrx_word' id='word_1_323' title='bbox 1517 981 1773 1030; x_wconf 89' lang='lat' dir='ltr'>Velocitas</span> <span class='ocrx_word' id='word_1_324' title='bbox 1819 981 2034 1031; x_wconf 87' lang='lat' dir='ltr'>maxima</span> <span class='ocrx_word' id='word_1_325' title='bbox 2081 999 2231 1045; x_wconf 90' lang='lat' dir='ltr'>quam</span> <span class='ocrx_word' id='word_1_326' title='bbox 2277 985 2454 1047; x_wconf 92' lang='lat' dir='ltr'>globus</span> <span class='ocrx_word' id='word_1_327' title='bbox 2500 982 2552 1032; x_wconf 92' lang='lat' dir='ltr'>in</span> <span class='ocrx_word' id='word_1_328' title='bbox 2611 983 2780 1034; x_wconf 92' lang='lat' dir='ltr'>medio</span> 
     </span>
     <span class='ocr_line' id='line_1_70' title="bbox 1652 1048 2779 1114; baseline 0.004 -18"><span class='ocrx_word' id='word_1_329' title='bbox 1652 1048 1911 1099; x_wconf 90' lang='lat' dir='ltr'>resistente</span> <span class='ocrx_word' id='word_1_330' title='bbox 1946 1051 2176 1100; x_wconf 90' lang='lat' dir='ltr'>cadendo</span> <span class='ocrx_word' id='word_1_331' title='bbox 2211 1060 2376 1114; x_wconf 91' lang='lat' dir='ltr'>potest</span> <span class='ocrx_word' id='word_1_332' title='bbox 2410 1050 2663 1114; x_wconf 88' lang='lat' dir='ltr'>acquirere</span> <span class='ocrx_word' id='word_1_333' title='bbox 2707 1054 2779 1112; x_wconf 95' lang='lat' dir='ltr'>II,</span> 
     </span>
     <span class='ocr_line' id='line_1_71' title="bbox 1656 1118 1916 1178; baseline 0.008 -15"><span class='ocrx_word' id='word_1_334' title='bbox 1656 1118 1736 1178; x_wconf 93' lang='lat'>38,</span> <span class='ocrx_word' id='word_1_335' title='bbox 1762 1133 1848 1165; x_wconf 92' lang='lat' dir='ltr'>cor</span> <span class='ocrx_word' id='word_1_336' title='bbox 1874 1134 1916 1165; x_wconf 91' lang='lat'>2.</span> 
     </span>
    </p>

    <p class='ocr_par' dir='ltr' id='par_1_38' title="bbox 1518 1182 2787 1379">
     <span class='ocr_line' id='line_1_72' title="bbox 1518 1182 2784 1247; baseline 0.004 -17"><span class='ocrx_word' id='word_1_337' title='bbox 1518 1182 1823 1232; x_wconf 90' lang='lat' dir='ltr'>Velocitates</span> <span class='ocrx_word' id='word_1_338' title='bbox 1863 1200 2126 1247; x_wconf 84' lang='lat' dir='ltr'>corporum</span> <span class='ocrx_word' id='word_1_339' title='bbox 2167 1184 2217 1233; x_wconf 91' lang='lat' dir='ltr'>in</span> <span class='ocrx_word' id='word_1_340' title='bbox 2255 1184 2557 1235; x_wconf 89' lang='lat' dir='ltr'>sectionibus</span> <span class='ocrx_word' id='word_1_341' title='bbox 2597 1185 2784 1235; x_wconf 91' lang='lat' dir='ltr'>conicis</span> 
     </span>
     <span class='ocr_line' id='line_1_73' title="bbox 1654 1250 2787 1316; baseline 0.003 -18"><span class='ocrx_word' id='word_1_342' title='bbox 1654 1259 1900 1299; x_wconf 90' lang='lat' dir='ltr'>motorum</span> <span class='ocrx_word' id='word_1_343' title='bbox 1940 1250 2028 1300; x_wconf 93' lang='lat' dir='ltr'>ubi</span> <span class='ocrx_word' id='word_1_344' title='bbox 2069 1251 2194 1301; x_wconf 92' lang='lat' dir='ltr'>vires</span> <span class='ocrx_word' id='word_1_345' title='bbox 2242 1252 2526 1316; x_wconf 88' lang='lat' dir='ltr'>centripetae</span> <span class='ocrx_word' id='word_1_346' title='bbox 2572 1254 2638 1303; x_wconf 90' lang='lat' dir='ltr'>ad</span> <span class='ocrx_word' id='word_1_347' title='bbox 2682 1270 2787 1303; x_wconf 88' lang='lat' dir='ltr'>um-</span> 
     </span>
     <span class='ocr_line' id='line_1_74' title="bbox 1656 1317 2268 1379; baseline 0.003 -14"><span class='ocrx_word' id='word_1_348' title='bbox 1656 1317 1857 1366; x_wconf 89' lang='lat' dir='ltr'>bilicum</span> <span class='ocrx_word' id='word_1_349' title='bbox 1883 1319 2094 1368; x_wconf 91' lang='lat' dir='ltr'>tendunt</span> <span class='ocrx_word' id='word_1_350' title='bbox 2120 1321 2159 1379; x_wconf 95' lang='lat' dir='ltr'>I,</span> <span class='ocrx_word' id='word_1_351' title='bbox 2195 1321 2268 1367; x_wconf 92' lang='lat'>16.</span> 
     </span>
    </p>

    <p class='ocr_par' dir='ltr' id='par_1_39' title="bbox 1522 1384 1732 1434">
     <span class='ocr_line' id='line_1_75' title="bbox 1522 1384 1732 1434; baseline 0.01 -2"><span class='ocrx_word' id='word_1_352' title='bbox 1522 1384 1732 1434; x_wconf 90' lang='lat' dir='ltr'>Veneris</span> 
     </span>
    </p>

    <p class='ocr_par' dir='ltr' id='par_1_40' title="bbox 1524 1451 2835 2189">
     <span class='ocr_line' id='line_1_76' title="bbox 1590 1451 2362 1516; baseline 0.003 -16"><span class='ocrx_word' id='word_1_353' title='bbox 1590 1460 1787 1516; x_wconf 91' lang='lat' dir='ltr'>tempus</span> <span class='ocrx_word' id='word_1_354' title='bbox 1811 1451 2116 1516; x_wconf 90' lang='lat' dir='ltr'>periodicum</span> <span class='ocrx_word' id='word_1_355' title='bbox 2144 1456 2362 1516; x_wconf 89' lang='lat'><strong>393,18.</strong></span> 
     </span>
     <span class='ocr_line' id='line_1_77' title="bbox 1590 1519 2253 1583; baseline 0 -16"><span class='ocrx_word' id='word_1_356' title='bbox 1590 1519 1827 1568; x_wconf 86' lang='lat' dir='ltr'>distantia</span> <span class='ocrx_word' id='word_1_357' title='bbox 1849 1536 1880 1568; x_wconf 91' lang='lat' dir='ltr'>a</span> <span class='ocrx_word' id='word_1_358' title='bbox 1904 1521 2008 1569; x_wconf 93' lang='lat' dir='ltr'>sole</span> <span class='ocrx_word' id='word_1_359' title='bbox 2035 1537 2147 1583; x_wconf 88' lang='lat'>393,</span> <span class='ocrx_word' id='word_1_360' title='bbox 2179 1538 2253 1569; x_wconf 83' lang='lat'>21.</span> 
     </span>
     <span class='ocr_line' id='line_1_78' title="bbox 1597 1586 2212 1663; baseline -0.002 -28"><span class='ocrx_word' id='word_1_361' title='bbox 1597 1586 1780 1663; x_wconf 79' lang='lat' dir='ltr'>aphelii</span> <span class='ocrx_word' id='word_1_362' title='bbox 1803 1596 1967 1637; x_wconf 90' lang='lat' dir='ltr'>motus</span> <span class='ocrx_word' id='word_1_363' title='bbox 1992 1604 2050 1647; x_wconf 92' lang='lat'>41</span> <span class='ocrx_word' id='word_1_364' title='bbox 2066 1604 2212 1647; x_wconf 95' lang='lat'><strong>1,11.</strong></span> 
     </span>
     <span class='ocr_line' id='line_1_79' title="bbox 1524 1654 2544 1731; baseline -0.002 -26"><span class='ocrx_word' id='word_1_365' title='bbox 1524 1655 1714 1705; x_wconf 90' lang='lat' dir='ltr'>Virium</span> <span class='ocrx_word' id='word_1_366' title='bbox 1740 1654 2037 1731; x_wconf 80' lang='lat' dir='ltr'>compositio</span> <span class='ocrx_word' id='word_1_367' title='bbox 2062 1657 2108 1704; x_wconf 87' lang='lat'>&amp;</span> <span class='ocrx_word' id='word_1_368' title='bbox 2132 1654 2367 1704; x_wconf 87' lang='lat' dir='ltr'>resolutio</span> <span class='ocrx_word' id='word_1_369' title='bbox 2391 1672 2438 1719; x_wconf 93' lang='lat' dir='ltr'>p</span> <span class='ocrx_word' id='word_1_370' title='bbox 2473 1671 2544 1719; x_wconf 89' lang='lat'>15.</span> 
     </span>
     <span class='ocr_line' id='line_1_80' title="bbox 1524 1722 2250 1786; baseline -0.006 -12"><span class='ocrx_word' id='word_1_371' title='bbox 1524 1725 1667 1774; x_wconf 89' lang='lat' dir='ltr'>Vires</span> <span class='ocrx_word' id='word_1_372' title='bbox 1691 1722 1962 1771; x_wconf 85' lang='lat' dir='ltr'>attractivae</span> <span class='ocrx_word' id='word_1_373' title='bbox 1987 1738 2250 1786; x_wconf 91' lang='lat' dir='ltr'>corporum</span> 
     </span>
     <span class='ocr_line' id='line_1_81' title="bbox 1594 1789 2789 1856; baseline -0.001 -15"><span class='ocrx_word' id='word_1_374' title='bbox 1594 1790 1946 1856; x_wconf 79' lang='lat' dir='ltr'>spliaericorum</span> <span class='ocrx_word' id='word_1_375' title='bbox 1982 1806 2044 1839; x_wconf 86' lang='lat' dir='ltr'>ex</span> <span class='ocrx_word' id='word_1_376' title='bbox 2078 1789 2328 1853; x_wconf 88' lang='lat' dir='ltr'>particulis</span> <span class='ocrx_word' id='word_1_377' title='bbox 2361 1807 2657 1854; x_wconf 90' lang='lat' dir='ltr'>quacunque</span> <span class='ocrx_word' id='word_1_378' title='bbox 2681 1791 2789 1855; x_wconf 91' lang='lat' dir='ltr'>lege</span> 
     </span>
     <span class='ocr_line' id='line_1_82' title="bbox 1662 1856 2791 1921; baseline 0 -14"><span class='ocrx_word' id='word_1_379' title='bbox 1662 1857 1966 1907; x_wconf 91' lang='lat' dir='ltr'>trahentibus</span> <span class='ocrx_word' id='word_1_380' title='bbox 2013 1856 2402 1920; x_wconf 88' lang='lat' dir='ltr'>compositorum</span> <span class='ocrx_word' id='word_1_381' title='bbox 2445 1859 2791 1921; x_wconf 86' lang='lat' dir='ltr'>expenduntur</span> 
     </span>
     <span class='ocr_line' id='line_1_83' title="bbox 1664 1927 1959 1986; baseline 0 -13"><span class='ocrx_word' id='word_1_382' title='bbox 1664 1927 1705 1986; x_wconf 94' lang='lat' dir='ltr'>I,</span> <span class='ocrx_word' id='word_1_383' title='bbox 1733 1934 1849 1974; x_wconf 91' lang='lat' dir='ltr'>sect.</span> <span class='ocrx_word' id='word_1_384' title='bbox 1885 1941 1959 1973; x_wconf 89' lang='lat'>12.</span> 
     </span>
     <span class='ocr_line' id='line_1_84' title="bbox 1594 1990 2792 2056; baseline -0.002 -13"><span class='ocrx_word' id='word_1_385' title='bbox 1594 2010 1697 2043; x_wconf 92' lang='lat' dir='ltr'>non</span> <span class='ocrx_word' id='word_1_386' title='bbox 1729 1991 2078 2056; x_wconf 86' lang='lat' dir='ltr'>sphaericorum</span> <span class='ocrx_word' id='word_1_387' title='bbox 2115 2008 2176 2041; x_wconf 86' lang='lat' dir='ltr'>ex</span> <span class='ocrx_word' id='word_1_388' title='bbox 2211 1990 2459 2055; x_wconf 89' lang='lat' dir='ltr'>particulis</span> <span class='ocrx_word' id='word_1_389' title='bbox 2495 2009 2792 2056; x_wconf 90' lang='lat' dir='ltr'>quacunque</span> 
     </span>
     <span class='ocr_line' id='line_1_85' title="bbox 1663 2058 2835 2124; baseline -0.001 -15"><span class='ocrx_word' id='word_1_390' title='bbox 1663 2062 1773 2124; x_wconf 92' lang='lat' dir='ltr'>lege</span> <span class='ocrx_word' id='word_1_391' title='bbox 1820 2058 2125 2108; x_wconf 86' lang='lat' dir='ltr'>trahentibus</span> <span class='ocrx_word' id='word_1_392' title='bbox 2166 2059 2555 2123; x_wconf 89' lang='lat' dir='ltr'>compositorum</span> <span class='ocrx_word' id='word_1_393' title='bbox 2614 2076 2793 2123; x_wconf 87' lang='lat' dir='ltr'>expen-</span> <span class='ocrx_word' id='word_1_394' title='bbox 2832 2118 2835 2119; x_wconf 34' lang='lat'><strong>.</strong></span> 
     </span>
     <span class='ocr_line' id='line_1_86' title="bbox 1664 2129 2148 2189; baseline -0.002 -13"><span class='ocrx_word' id='word_1_395' title='bbox 1664 2129 1847 2177; x_wconf 91' lang='lat' dir='ltr'>duntur</span> <span class='ocrx_word' id='word_1_396' title='bbox 1873 2129 1913 2187; x_wconf 94' lang='lat' dir='ltr'>I,</span> <span class='ocrx_word' id='word_1_397' title='bbox 1941 2135 2046 2175; x_wconf 90' lang='lat' dir='ltr'>sect</span> <span class='ocrx_word' id='word_1_398' title='bbox 2076 2143 2148 2189; x_wconf 89' lang='lat'>13.</span> 
     </span>
    </p>

    <p class='ocr_par' dir='ltr' id='par_1_41' title="bbox 1527 2193 2795 2327">
     <span class='ocr_line' id='line_1_87' title="bbox 1527 2193 2795 2258; baseline -0.003 -12"><span class='ocrx_word' id='word_1_399' title='bbox 1527 2196 1617 2246; x_wconf 91' lang='lat' dir='ltr'>Vis</span> <span class='ocrx_word' id='word_1_400' title='bbox 1658 2194 1928 2258; x_wconf 90' lang='lat' dir='ltr'>centrifuga</span> <span class='ocrx_word' id='word_1_401' title='bbox 1964 2210 2223 2257; x_wconf 90' lang='lat' dir='ltr'>corporum</span> <span class='ocrx_word' id='word_1_402' title='bbox 2266 2193 2315 2242; x_wconf 93' lang='lat' dir='ltr'>in</span> <span class='ocrx_word' id='word_1_403' title='bbox 2357 2203 2607 2258; x_wconf 89' lang='lat' dir='ltr'>aequatore</span> <span class='ocrx_word' id='word_1_404' title='bbox 2657 2203 2795 2244; x_wconf 86' lang='lat' dir='ltr'>terrae</span> 
     </span>
     <span class='ocr_line' id='line_1_88' title="bbox 1665 2261 2187 2327; baseline -0.004 -16"><span class='ocrx_word' id='word_1_405' title='bbox 1665 2272 1852 2327; x_wconf 89' lang='lat' dir='ltr'>quanta</span> <span class='ocrx_word' id='word_1_406' title='bbox 1877 2261 1938 2310; x_wconf 90' lang='lat' dir='ltr'>sit</span> <span class='ocrx_word' id='word_1_407' title='bbox 1964 2278 2077 2323; x_wconf 91' lang='lat'>413,</span> <span class='ocrx_word' id='word_1_408' title='bbox 2103 2262 2187 2310; x_wconf 93' lang='lat' dir='ltr'>ult.</span> 
     </span>
    </p>

    <p class='ocr_par' dir='ltr' id='par_1_42' title="bbox 1530 2328 2312 2393">
     <span class='ocr_line' id='line_1_89' title="bbox 1530 2328 2312 2393; baseline -0.005 -13"><span class='ocrx_word' id='word_1_409' title='bbox 1530 2331 1619 2380; x_wconf 92' lang='lat' dir='ltr'>Vis</span> <span class='ocrx_word' id='word_1_410' title='bbox 1644 2329 1917 2393; x_wconf 89' lang='lat' dir='ltr'>centripeta</span> <span class='ocrx_word' id='word_1_411' title='bbox 1940 2328 2170 2377; x_wconf 90' lang='lat' dir='ltr'>definitur</span> <span class='ocrx_word' id='word_1_412' title='bbox 2192 2345 2239 2391; x_wconf 91' lang='lat' dir='ltr'>p.</span> <span class='ocrx_word' id='word_1_413' title='bbox 2269 2345 2312 2391; x_wconf 92' lang='lat'>3.</span> 
     </span>
    </p>

    <p class='ocr_par' dir='ltr' id='par_1_43' title="bbox 1599 2394 2626 2462">
     <span class='ocr_line' id='line_1_90' title="bbox 1599 2394 2626 2462; baseline -0.001 -16"><span class='ocrx_word' id='word_1_414' title='bbox 1599 2397 1847 2462; x_wconf 89' lang='lat' dir='ltr'>quantitas</span> <span class='ocrx_word' id='word_1_415' title='bbox 1872 2398 1979 2459; x_wconf 90' lang='lat' dir='ltr'>ejus</span> <span class='ocrx_word' id='word_1_416' title='bbox 2003 2397 2230 2445; x_wconf 90' lang='lat' dir='ltr'>absoluta</span> <span class='ocrx_word' id='word_1_417' title='bbox 2254 2394 2484 2445; x_wconf 90' lang='lat' dir='ltr'>definitur</span> <span class='ocrx_word' id='word_1_418' title='bbox 2505 2413 2553 2460; x_wconf 91' lang='lat' dir='ltr'>p.</span> <span class='ocrx_word' id='word_1_419' title='bbox 2582 2413 2626 2457; x_wconf 94' lang='lat'>4.</span> 
     </span>
    </p>

    <p class='ocr_par' dir='ltr' id='par_1_44' title="bbox 1600 2462 2582 2529">
     <span class='ocr_line' id='line_1_91' title="bbox 1600 2462 2582 2529; baseline -0.003 -15"><span class='ocrx_word' id='word_1_420' title='bbox 1600 2464 1860 2529; x_wconf 87' lang='lat' dir='ltr'>quantitas</span> <span class='ocrx_word' id='word_1_421' title='bbox 1873 2462 2186 2512; x_wconf 86' lang='lat' dir='ltr'>acceleratrix</span> <span class='ocrx_word' id='word_1_422' title='bbox 2210 2463 2441 2512; x_wconf 89' lang='lat' dir='ltr'>definitur</span> <span class='ocrx_word' id='word_1_423' title='bbox 2463 2481 2508 2527; x_wconf 92' lang='lat' dir='ltr'>p.</span> <span class='ocrx_word' id='word_1_424' title='bbox 2538 2480 2582 2524; x_wconf 93' lang='lat'>4.</span> 
     </span>
    </p>

    <p class='ocr_par' dir='ltr' id='par_1_45' title="bbox 1601 2530 2448 2607">
     <span class='ocr_line' id='line_1_92' title="bbox 1601 2530 2448 2607; baseline -0.006 -25"><span class='ocrx_word' id='word_1_425' title='bbox 1601 2532 1848 2607; x_wconf 88' lang='lat' dir='ltr'>quantitas</span> <span class='ocrx_word' id='word_1_426' title='bbox 1873 2530 2052 2580; x_wconf 88' lang='lat' dir='ltr'>motrix</span> <span class='ocrx_word' id='word_1_427' title='bbox 2076 2531 2305 2579; x_wconf 92' lang='lat' dir='ltr'>definitur</span> <span class='ocrx_word' id='word_1_428' title='bbox 2328 2547 2374 2594; x_wconf 90' lang='lat' dir='ltr'>p.</span> <span class='ocrx_word' id='word_1_429' title='bbox 2405 2545 2448 2594; x_wconf 93' lang='lat'>5.</span> 
     </span>
    </p>

    <p class='ocr_par' dir='ltr' id='par_1_46' title="bbox 1600 2591 2798 2729">
     <span class='ocr_line' id='line_1_93' title="bbox 1600 2591 2798 2675; baseline -0.003 -26"><span class='ocrx_word' id='word_1_430' title='bbox 1600 2598 1856 2675; x_wconf 92' lang='lat' dir='ltr'>proportio</span> <span class='ocrx_word' id='word_1_431' title='bbox 1875 2600 1981 2661; x_wconf 92' lang='lat' dir='ltr'>ejus</span> <span class='ocrx_word' id='word_1_432' title='bbox 2000 2598 2065 2646; x_wconf 91' lang='lat' dir='ltr'>ad</span> <span class='ocrx_word' id='word_1_433' title='bbox 2083 2598 2183 2646; x_wconf 89' lang='lat' dir='ltr'>vim</span> <span class='ocrx_word' id='word_1_434' title='bbox 2202 2598 2475 2673; x_wconf 89' lang='lat' dir='ltr'>quamlibet</span> <span class='ocrx_word' id='word_1_435' title='bbox 2492 2607 2677 2659; x_wconf 91' lang='lat' dir='ltr'>notam,</span> <span class='ocrx_word' id='word_1_436' title='bbox 2699 2591 2798 2661; x_wconf 79' lang='lat' dir='ltr'>qua</span> 
     </span>
     <span class='ocr_line' id='line_1_94' title="bbox 1667 2665 2759 2729; baseline -0.002 -14"><span class='ocrx_word' id='word_1_437' title='bbox 1667 2667 1858 2716; x_wconf 89' lang='lat' dir='ltr'>ratione</span> <span class='ocrx_word' id='word_1_438' title='bbox 1883 2665 2162 2729; x_wconf 91' lang='lat' dir='ltr'>colligenda</span> <span class='ocrx_word' id='word_1_439' title='bbox 2186 2665 2260 2725; x_wconf 91' lang='lat' dir='ltr'>sit,</span> <span class='ocrx_word' id='word_1_440' title='bbox 2282 2666 2557 2714; x_wconf 88' lang='lat' dir='ltr'>ostenditur</span> <span class='ocrx_word' id='word_1_441' title='bbox 2575 2679 2759 2729; x_wconf 92' lang='lat'><strong>45,10.</strong></span> 
     </span>
    </p>

    <p class='ocr_par' dir='ltr' id='par_1_47' title="bbox 1533 2732 2799 2997">
     <span class='ocr_line' id='line_1_95' title="bbox 1533 2732 2799 2797; baseline -0.003 -12"><span class='ocrx_word' id='word_1_442' title='bbox 1533 2734 1724 2785; x_wconf 88' lang='lat' dir='ltr'>Virium</span> <span class='ocrx_word' id='word_1_443' title='bbox 1750 2733 2130 2797; x_wconf 89' lang='lat' dir='ltr'>centripetarum</span> <span class='ocrx_word' id='word_1_444' title='bbox 2164 2732 2397 2793; x_wconf 92' lang='lat' dir='ltr'>inventio,</span> <span class='ocrx_word' id='word_1_445' title='bbox 2425 2733 2510 2782; x_wconf 93' lang='lat' dir='ltr'>ubi</span> <span class='ocrx_word' id='word_1_446' title='bbox 2534 2749 2712 2796; x_wconf 90' lang='lat' dir='ltr'>corpus</span> <span class='ocrx_word' id='word_1_447' title='bbox 2747 2732 2799 2781; x_wconf 89' lang='lat' dir='ltr'>in</span> 
     </span>
     <span class='ocr_line' id='line_1_96' title="bbox 1671 2799 2799 2866; baseline -0.003 -15"><span class='ocrx_word' id='word_1_448' title='bbox 1671 2801 1831 2866; x_wconf 89' lang='lat' dir='ltr'>spatio</span> <span class='ocrx_word' id='word_1_449' title='bbox 1855 2817 1958 2850; x_wconf 91' lang='lat' dir='ltr'>non</span> <span class='ocrx_word' id='word_1_450' title='bbox 1993 2799 2263 2860; x_wconf 91' lang='lat' dir='ltr'>resistente,</span> <span class='ocrx_word' id='word_1_451' title='bbox 2292 2800 2421 2848; x_wconf 89' lang='lat' dir='ltr'>circa</span> <span class='ocrx_word' id='word_1_452' title='bbox 2455 2810 2679 2849; x_wconf 91' lang='lat' dir='ltr'>centrum</span> <span class='ocrx_word' id='word_1_453' title='bbox 2713 2799 2799 2848; x_wconf 90' lang='lat' dir='ltr'>irn-</span> 
     </span>
     <span class='ocr_line' id='line_1_97' title="bbox 1670 2866 2795 2931; baseline -0.002 -13"><span class='ocrx_word' id='word_1_454' title='bbox 1670 2869 1870 2928; x_wconf 90' lang='lat' dir='ltr'>mobile,</span> <span class='ocrx_word' id='word_1_455' title='bbox 1898 2868 1949 2916; x_wconf 92' lang='lat' dir='ltr'>in</span> <span class='ocrx_word' id='word_1_456' title='bbox 1974 2869 2093 2917; x_wconf 92' lang='lat' dir='ltr'>orbe</span> <span class='ocrx_word' id='word_1_457' title='bbox 2126 2884 2425 2931; x_wconf 91' lang='lat' dir='ltr'>quocunque</span> <span class='ocrx_word' id='word_1_458' title='bbox 2454 2866 2719 2917; x_wconf 91' lang='lat' dir='ltr'>revolvitur</span> <span class='ocrx_word' id='word_1_459' title='bbox 2756 2870 2795 2926; x_wconf 93' lang='grc' dir='ltr'>Ι,</span> 
     </span>
     <span class='ocr_line' id='line_1_98' title="bbox 1673 2938 2154 2997; baseline -0.004 -12"><span class='ocrx_word' id='word_1_460' title='bbox 1673 2939 1732 2986; x_wconf 90' lang='lat'>6:</span> <span class='ocrx_word' id='word_1_461' title='bbox 1772 2939 1812 2997; x_wconf 90' lang='grc' dir='ltr'>Ι,</span> <span class='ocrx_word' id='word_1_462' title='bbox 1839 2945 1956 2985; x_wconf 92' lang='lat' dir='ltr'>sect.</span> <span class='ocrx_word' id='word_1_463' title='bbox 1987 2953 2012 2983; x_wconf 94' lang='lat'><strong>2</strong></span> <span class='ocrx_word' id='word_1_464' title='bbox 2039 2938 2085 2984; x_wconf 71' lang='grc' dir='ltr'>ὅτ</span> <span class='ocrx_word' id='word_1_465' title='bbox 2111 2952 2154 2997; x_wconf 91' lang='lat'>3.</span> 
     </span>
    </p>

    <p class='ocr_par' dir='ltr' id='par_1_48' title="bbox 1537 3002 2804 3472">
     <span class='ocr_line' id='line_1_99' title="bbox 1537 3002 2802 3067; baseline -0.004 -12"><span class='ocrx_word' id='word_1_466' title='bbox 1537 3005 1737 3055; x_wconf 92' lang='lat' dir='ltr'>Viribus</span> <span class='ocrx_word' id='word_1_467' title='bbox 1757 3003 2038 3067; x_wconf 90' lang='lat' dir='ltr'>centripetis</span> <span class='ocrx_word' id='word_1_468' title='bbox 2057 3002 2184 3051; x_wconf 91' lang='lat' dir='ltr'>datis</span> <span class='ocrx_word' id='word_1_469' title='bbox 2209 3003 2275 3051; x_wconf 87' lang='lat' dir='ltr'>ad</span> <span class='ocrx_word' id='word_1_470' title='bbox 2299 3002 2633 3065; x_wconf 91' lang='lat' dir='ltr'>quodcunque</span> <span class='ocrx_word' id='word_1_471' title='bbox 2651 3018 2802 3066; x_wconf 90' lang='lat' dir='ltr'>punc-</span> 
     </span>
     <span class='ocr_line' id='line_1_100' title="bbox 1673 3068 2803 3133; baseline -0.003 -12"><span class='ocrx_word' id='word_1_472' title='bbox 1673 3081 1779 3121; x_wconf 93' lang='lat' dir='ltr'>tum</span> <span class='ocrx_word' id='word_1_473' title='bbox 1804 3069 2136 3131; x_wconf 87' lang='lat' dir='ltr'>tendentibus,</span> <span class='ocrx_word' id='word_1_474' title='bbox 2164 3069 2343 3133; x_wconf 92' lang='lat' dir='ltr'>quibus</span> <span class='ocrx_word' id='word_1_475' title='bbox 2378 3071 2531 3133; x_wconf 88' lang='lat' dir='ltr'>figura</span> <span class='ocrx_word' id='word_1_476' title='bbox 2562 3068 2748 3132; x_wconf 89' lang='lat' dir='ltr'>quaevis</span> <span class='ocrx_word' id='word_1_477' title='bbox 2773 3086 2803 3118; x_wconf 88' lang='lat' dir='ltr'>a</span> 
     </span>
     <span class='ocr_line' id='line_1_101' title="bbox 1674 3137 2802 3203; baseline -0.004 -14"><span class='ocrx_word' id='word_1_478' title='bbox 1674 3155 1881 3203; x_wconf 90' lang='lat' dir='ltr'>corpore</span> <span class='ocrx_word' id='word_1_479' title='bbox 1913 3139 2197 3188; x_wconf 90' lang='lat' dir='ltr'>revolvente</span> <span class='ocrx_word' id='word_1_480' title='bbox 2226 3137 2438 3186; x_wconf 92' lang='lat' dir='ltr'>describi</span> <span class='ocrx_word' id='word_1_481' title='bbox 2469 3146 2654 3200; x_wconf 69' lang='lat' dir='ltr'>potest,</span> <span class='ocrx_word' id='word_1_482' title='bbox 2680 3137 2802 3185; x_wconf 91' lang='lat' dir='ltr'>dan-</span> 
     </span>
     <span class='ocr_line' id='line_1_102' title="bbox 1674 3203 2804 3268; baseline -0.004 -12"><span class='ocrx_word' id='word_1_483' title='bbox 1674 3215 1753 3256; x_wconf 92' lang='lat' dir='ltr'>tur</span> <span class='ocrx_word' id='word_1_484' title='bbox 1796 3206 1923 3256; x_wconf 91' lang='lat' dir='ltr'>vires</span> <span class='ocrx_word' id='word_1_485' title='bbox 1969 3205 2255 3268; x_wconf 86' lang='lat' dir='ltr'>centripetae</span> <span class='ocrx_word' id='word_1_486' title='bbox 2301 3205 2366 3253; x_wconf 93' lang='lat' dir='ltr'>ad</span> <span class='ocrx_word' id='word_1_487' title='bbox 2412 3204 2546 3252; x_wconf 89' lang='lat' dir='ltr'>aliud</span> <span class='ocrx_word' id='word_1_488' title='bbox 2592 3203 2804 3267; x_wconf 92' lang='lat' dir='ltr'>quodvis</span> 
     </span>
     <span class='ocr_line' id='line_1_103' title="bbox 1676 3271 2804 3339; baseline -0.003 -17"><span class='ocrx_word' id='word_1_489' title='bbox 1676 3283 1917 3339; x_wconf 90' lang='lat' dir='ltr'>punctum</span> <span class='ocrx_word' id='word_1_490' title='bbox 1941 3274 2216 3333; x_wconf 92' lang='lat' dir='ltr'>tendentes,</span> <span class='ocrx_word' id='word_1_491' title='bbox 2244 3271 2423 3335; x_wconf 92' lang='lat' dir='ltr'>quibus</span> <span class='ocrx_word' id='word_1_492' title='bbox 2448 3272 2625 3321; x_wconf 91' lang='lat' dir='ltr'>eadem</span> <span class='ocrx_word' id='word_1_493' title='bbox 2649 3273 2804 3334; x_wconf 92' lang='lat' dir='ltr'>figura</span> 
     </span>
     <span class='ocr_line' id='line_1_104' title="bbox 1677 3337 2804 3404; baseline -0.004 -12"><span class='ocrx_word' id='word_1_494' title='bbox 1677 3342 1856 3392; x_wconf 91' lang='lat' dir='ltr'>eodem</span> <span class='ocrx_word' id='word_1_495' title='bbox 1882 3350 2105 3404; x_wconf 90' lang='lat' dir='ltr'>tempore</span> <span class='ocrx_word' id='word_1_496' title='bbox 2130 3338 2384 3403; x_wconf 91' lang='lat' dir='ltr'>periodico</span> <span class='ocrx_word' id='word_1_497' title='bbox 2402 3337 2615 3388; x_wconf 93' lang='lat' dir='ltr'>describi</span> <span class='ocrx_word' id='word_1_498' title='bbox 2638 3347 2804 3401; x_wconf 89' lang='lat' dir='ltr'>potest</span> 
     </span>
     <span class='ocr_line' id='line_1_105' title="bbox 1681 3423 1832 3472; baseline 0 0"><span class='ocrx_word' id='word_1_499' title='bbox 1681 3423 1758 3472; x_wconf 90' lang='lat'>50</span> <span class='ocrx_word' id='word_1_500' title='bbox 1787 3426 1832 3472; x_wconf 89' lang='lat'>3·</span> 
     </span>
    </p>

    <p class='ocr_par' dir='ltr' id='par_1_49' title="bbox 1543 3471 2805 3943">
     <span class='ocr_line' id='line_1_106' title="bbox 1543 3471 2803 3537; baseline -0.006 -10"><span class='ocrx_word' id='word_1_501' title='bbox 1543 3476 1745 3527; x_wconf 90' lang='lat' dir='ltr'>Viribus</span> <span class='ocrx_word' id='word_1_502' title='bbox 1769 3474 2053 3537; x_wconf 91' lang='lat' dir='ltr'>centripetis</span> <span class='ocrx_word' id='word_1_503' title='bbox 2077 3471 2204 3522; x_wconf 89' lang='lat' dir='ltr'>datis</span> <span class='ocrx_word' id='word_1_504' title='bbox 2230 3472 2409 3536; x_wconf 90' lang='lat' dir='ltr'>quibus</span> <span class='ocrx_word' id='word_1_505' title='bbox 2432 3474 2587 3536; x_wconf 90' lang='lat' dir='ltr'>figura</span> <span class='ocrx_word' id='word_1_506' title='bbox 2616 3471 2803 3535; x_wconf 87' lang='lat' dir='ltr'>quaevis</span> 
     </span>
     <span class='ocr_line' id='line_1_107' title="bbox 1679 3540 2805 3604; baseline -0.004 -12"><span class='ocrx_word' id='word_1_507' title='bbox 1679 3542 1972 3592; x_wconf 91' lang='lat' dir='ltr'>describitur</span> <span class='ocrx_word' id='word_1_508' title='bbox 1994 3557 2024 3589; x_wconf 93' lang='lat' dir='ltr'>a</span> <span class='ocrx_word' id='word_1_509' title='bbox 2048 3556 2254 3604; x_wconf 89' lang='lat' dir='ltr'>corpore</span> <span class='ocrx_word' id='word_1_510' title='bbox 2278 3541 2594 3601; x_wconf 91' lang='lat' dir='ltr'>revolvente,</span> <span class='ocrx_word' id='word_1_511' title='bbox 2624 3540 2805 3588; x_wconf 90' lang='lat' dir='ltr'>dantur</span> 
     </span>
     <span class='ocr_line' id='line_1_108' title="bbox 1679 3578 2802 3672; baseline -0.004 -13"><span class='ocrx_word' id='word_1_512' title='bbox 1679 3610 1806 3659; x_wconf 92' lang='lat' dir='ltr'>vires</span> <span class='ocrx_word' id='word_1_513' title='bbox 1831 3608 2010 3672; x_wconf 91' lang='lat' dir='ltr'>quibus</span> <span class='ocrx_word' id='word_1_514' title='bbox 2033 3609 2188 3671; x_wconf 89' lang='lat' dir='ltr'>figura</span> <span class='ocrx_word' id='word_1_515' title='bbox 2221 3623 2354 3656; x_wconf 90' lang='lat' dir='ltr'>nova</span> <span class='ocrx_word' id='word_1_516' title='bbox 2386 3578 2599 3655; x_wconf 90' lang='lat' dir='ltr'>describi</span> <span class='ocrx_word' id='word_1_517' title='bbox 2621 3615 2802 3670; x_wconf 88' lang='lat' dir='ltr'>potest,</span> 
     </span>
     <span class='ocr_line' id='line_1_109' title="bbox 1680 3673 2804 3738; baseline -0.004 -12"><span class='ocrx_word' id='word_1_518' title='bbox 1680 3677 1722 3726; x_wconf 91' lang='lat' dir='ltr'>si</span> <span class='ocrx_word' id='word_1_519' title='bbox 1753 3677 1993 3726; x_wconf 83' lang='lat' dir='ltr'>ordinatae</span> <span class='ocrx_word' id='word_1_520' title='bbox 2028 3683 2297 3738; x_wconf 91' lang='lat' dir='ltr'>augeantur</span> <span class='ocrx_word' id='word_1_521' title='bbox 2330 3674 2409 3723; x_wconf 93' lang='lat' dir='ltr'>vel</span> <span class='ocrx_word' id='word_1_522' title='bbox 2443 3673 2725 3723; x_wconf 91' lang='lat' dir='ltr'>minuantur</span> <span class='ocrx_word' id='word_1_523' title='bbox 2753 3673 2804 3721; x_wconf 89' lang='lat' dir='ltr'>in</span> 
     </span>
     <span class='ocr_line' id='line_1_110' title="bbox 1679 3741 2804 3805; baseline -0.004 -11"><span class='ocrx_word' id='word_1_524' title='bbox 1679 3744 1870 3795; x_wconf 89' lang='lat' dir='ltr'>ratione</span> <span class='ocrx_word' id='word_1_525' title='bbox 1926 3758 2223 3805; x_wconf 89' lang='lat' dir='ltr'>quacunque</span> <span class='ocrx_word' id='word_1_526' title='bbox 2281 3741 2411 3801; x_wconf 84' lang='lat' dir='ltr'>data,</span> <span class='ocrx_word' id='word_1_527' title='bbox 2458 3741 2539 3790; x_wconf 91' lang='lat' dir='ltr'>vel</span> <span class='ocrx_word' id='word_1_528' title='bbox 2596 3741 2804 3804; x_wconf 86' lang='lat' dir='ltr'>angulus</span> 
     </span>
     <span class='ocr_line' id='line_1_111' title="bbox 1681 3808 2805 3872; baseline -0.002 -12"><span class='ocrx_word' id='word_1_529' title='bbox 1681 3808 2005 3860; x_wconf 88' lang='lat' dir='ltr'>ordinationis</span> <span class='ocrx_word' id='word_1_530' title='bbox 2036 3817 2288 3872; x_wconf 90' lang='lat' dir='ltr'>utcunque</span> <span class='ocrx_word' id='word_1_531' title='bbox 2318 3816 2545 3869; x_wconf 76' lang='lat' dir='ltr'>mutetur,</span> <span class='ocrx_word' id='word_1_532' title='bbox 2571 3816 2805 3858; x_wconf 89' lang='lat' dir='ltr'>manente</span> 
     </span>
     <span class='ocr_line' id='line_1_112' title="bbox 1679 3875 2389 3943; baseline -0.004 -15"><span class='ocrx_word' id='word_1_533' title='bbox 1679 3887 1902 3943; x_wconf 90' lang='lat' dir='ltr'>tempore</span> <span class='ocrx_word' id='word_1_534' title='bbox 1926 3875 2181 3941; x_wconf 91' lang='lat' dir='ltr'>periodico</span> <span class='ocrx_word' id='word_1_535' title='bbox 2207 3889 2284 3939; x_wconf 89' lang='lat'><strong>54,</strong></span> <span class='ocrx_word' id='word_1_536' title='bbox 2317 3892 2389 3925; x_wconf 90' lang='lat'>10.</span> 
     </span>
    </p>
   </div>
  </div>
 </body>
</html>
