2846 4224
1092 95 1329 146 LIBER
1362 98 1671 173 eRJMUS.
1763 150 1766 151 f
2482 131 2596 188 109

53 237 74 338 ’ᾗ
171 262 229 323 S
233 261 307 336 Q,
342 259 485 334 OQ.
577 256 772 318 Arcui
814 258 886 317 E
898 258 969 317 F
981 257 1042 318 G
1083 270 1362 318 occurrat
1409 259 1465 319 O
1489 259 1547 333 Q
1593 259 1655 319 in
1698 261 1772 332 F,
1819 261 1881 322 &
1922 261 1986 322 in
2021 265 2286 327 eandem
2323 269 2460 343 OQ
2493 273 2599 333 de-

103 430 107 435 ,
169 359 446 420 mittatur
486 354 995 435 perpendiculum
1040 356 1190 416 SR.
1280 355 1454 416 Area
1480 356 1548 415 A
1573 357 1637 416 P
1656 357 1712 416 S
1736 369 1833 417 est
1865 370 1935 417 ut
1963 380 2107 420 area
2136 362 2204 420 A
2229 363 2364 436 QS‚
2398 365 2460 425 id
2490 381 2600 440 est,

167 467 238 516 ut
281 453 628 514 differentia
678 453 838 513 inter
886 465 1190 513 sectorem
1255 453 1467 527 OQA
1533 453 1594 513 &
1650 454 2027 535 triangulum
2089 454 2308 534 OQS,
2356 462 2490 523 sive
2535 477 2605 524 ut

168 552 513 615 differentia
556 549 1054 632 rectangulorum
1095 551 1133 616 ὲ-
1180 551 1313 625 OQ
1339 551 1469 610 ><A
1497 550 1553 624 9
1608 551 1668 611 8ε
1709 552 1745 616 ἐν
1792 553 1925 627 09
1950 573 1990 613 ><
2014 554 2071 614 S
2087 556 2167 627 R,
2214 556 2332 617 hoc
2374 572 2483 630 est,
2524 562 2605 621 ob

165 651 376 713 datam
416 649 454 715 ὲ
499 649 556 709 0
577 649 650 723 Q,
682 661 752 708 ut
793 648 1141 708 differentia
1184 648 1343 708 inter
1376 669 1585 708 arcum
1621 650 1688 708 A
1716 649 1773 723 9
1806 650 1866 710 &
1896 663 2126 711 rectam
2157 653 2212 712 S
2226 655 2307 726 R,
2339 655 2606 737 ideoque

171 747 335 832 (cum
364 747 603 809 eaedem
633 746 759 806 sint
787 746 953 806 datae
982 745 1252 806 rationes
1285 746 1411 806 SR
1440 746 1520 805 ad
1554 746 1757 806 sinum
1788 770 1964 808 arcus
1993 751 2062 808 A
2080 750 2153 824 Q,
2192 751 2313 811 OS
2336 753 2416 812 ad
2451 755 2605 827 ΘΑ,

136 847 313 909 ὈΑ
371 845 452 906 ἃᾶ
515 844 665 915 OG,
717 844 871 919 AQ
923 843 1004 903 ad
1062 844 1211 915 GF,
1266 842 1328 903 &
1374 843 1622 903 divisim
1672 844 2049 918 AQ—SR
2105 846 2187 906 ad
2250 848 2606 911 GF—sinu

167 965 344 1006 arcus
386 944 455 1003 A
482 941 564 1024 Q)
612 954 683 1003 ut
731 942 888 1003 GK
924 941 1273 1002 differentia
1303 941 1463 1002 inter
1491 963 1700 1002 arcum
1738 942 1798 1003 G
1816 943 1887 1003 F
1908 943 1968 1004 &
1997 943 2199 1004 sinum
2229 967 2407 1007 arcus
2434 950 2503 1008 A
2530 950 2605 1024 Q.

172 1041 245 1117 Q.
265 1041 346 1102 E.
368 1041 453 1101 D.

1222 1137 1553 1218 Sclzolz'um.

280 1279 609 1351 Caeterum,
655 1300 796 1339 cum
840 1277 1102 1339 difficilis
1147 1278 1228 1339 sit
1278 1278 1460 1360 hujus
1505 1299 1712 1339 curvae
1755 1278 2102 1359 descriptio,
2148 1294 2403 1359 praestat
2443 1283 2605 1345 solu-

165 1376 396 1438 tionem
440 1398 591 1437 vero
636 1376 982 1456 proximam
1027 1376 1341 1438 adhibere.
1452 1377 1816 1437 Inveniatur
1857 1389 1989 1436 tum
2040 1376 2305 1458 angulus
2356 1380 2608 1459 quidam

170 1476 237 1548 B,
269 1476 374 1556 qui
405 1475 485 1535 sit
513 1475 595 1535 ad
631 1473 927 1556 angulum
970 1475 1277 1556 graduum
1328 1491 1548 1553 57.295
1563 1479 1653 1553 78,
1686 1495 1873 1555 quem
1918 1495 2093 1533 arcus
2138 1475 2311 1535 radio
2354 1476 2610 1556 aequalis

165 1557 496 1645 subtendit,
543 1585 612 1633 ut
654 1585 751 1633 est
794 1570 1222 1633 umbilicorum
1266 1572 1561 1632 distantia
1606 1573 1658 1632 S
1664 1573 1751 1633 H
1783 1572 1865 1632 ad
1910 1569 2197 1651 ellipseos
2241 1572 2610 1635 diametrum

163 1672 233 1733 A
259 1673 365 1743 B,·
407 1684 540 1733 tum
571 1672 759 1733 etiam
787 1669 1115 1752 longitudo
1161 1670 1451 1750 quaedam
1487 1670 1557 1742 L,
1590 1691 1732 1750 quae
1776 1669 1858 1730 sit
1900 1669 1981 1729 ad
2027 1669 2266 1729 radium
2297 1669 2358 1730 in
2390 1672 2609 1732 eadem

166 2793 403 2855 ratione
454 2794 713 2854 inverse.
807 2792 1054 2871 Quibus
1111 2790 1305 2852 semel
1364 2791 1651 2864 inventi5‚
1704 2794 2028 2872 problema
2077 2796 2371 2876 deinceps
2422 2794 2611 2856 confit

143 2912 279 2974 ‘per
306 2904 671 2972 sequentem
703 2890 998 2972 analysin.
1096 2891 1216 2950 Per
1259 2891 1784 2951 constructionem
1829 2894 2132 2973 quamviS,
2165 2892 2266 2955 vel
2297 2906 2610 2973 utcunque

113 2982 117 2986 ⁴
167 2991 579 3071 conjecturam
630 2990 931 3062 faciendo,
978 3002 1389 3071 cognoscatur
1439 2991 1711 3069 corporis
1762 2990 1934 3053 locus
1984 2994 2048 3052 P
2096 2994 2414 3073 proximus
2457 3014 2611 3053 vero

166 3089 297 3169 ejus
326 3088 462 3150 loco
476 3097 545 3168 p.
641 3089 1058 3169 Demissaque
1088 3088 1168 3147 ad
1200 3109 1382 3147 axem
1414 3086 1702 3167 ellipseos
1734 3089 2066 3149 ordinatim
2111 3089 2418 3170 applicata
2446 3091 2606 3161 PR,

165 3206 244 3246 ex
289 3188 685 3267 proportione
736 3187 1178 3248 diametrorum
1238 3185 1541 3265 ellipseos
1603 3186 1852 3247 dabitur
1908 3187 2112 3249 circuli
2172 3188 2608 3267 circumscripti

163 3285 231 3344 A
262 3286 406 3360 QB
461 3286 791 3347 ordinatim
849 3284 1157 3365 applicata
1213 3286 1278 3345 R
1306 3285 1378 3359 Q,
1427 3306 1569 3364 quae
1614 3285 1785 3345 sinus
1829 3298 1925 3345 est
1967 3284 2176 3367 anguli
2219 3286 2288 3345 A
2318 3285 2450 3360 OQ
2502 3306 2607 3345 ex-

166 3381 388 3444 istente
416 3385 553 3444 AO
584 3384 770 3456 radio,
804 3405 1071 3464 quaeque
1101 3381 1342 3462 ellipsin
1373 3394 1543 3442 secat
1573 3383 1634 3442 in
1663 3384 1739 3446 P.
1829 3382 2073 3443 Sufficit
2114 3381 2409 3463 angulum
2440 3380 2608 3441 illurn

165 3480 302 3540 rudi
372 3480 604 3542 calculo
669 3483 731 3542 in
802 3482 1074 3542 numeris
1146 3480 1443 3559 proximis
1517 3480 1809 3540 invenire.
1922 3479 2352 3560 Cognoscatur
2389 3547 2392 3549 Α
2421 3479 2607 3538 etiam

164 3576 426 3658 angulus
456 3580 717 3659 tempori
748 3578 1240 3660 proportionaliS‚
1275 3578 1338 3638 id
1369 3590 1478 3649 est,
1513 3578 1618 3657 qui
1648 3579 1730 3638 sit
1758 3577 1839 3637 ad
1879 3589 2145 3656 quatuor
2186 3588 2385 3636 rectos
2415 3587 2484 3634 ut
2512 3587 2608 3634 est

126 3683 424 3754 *tempus
478 3697 602 3755 quo
652 3698 875 3757 corpus
926 3676 1253 3756 descripsit
1297 3696 1508 3735 arcum
1557 3675 1627 3734 A
1635 3683 1704 3753 p,
1758 3674 1840 3734 ad
1898 3686 2144 3752 tempus
2203 3670 2603 3733 revolutionis

115 3827 120 3829 ,
164 3771 345 3831 unius
376 3772 438 3831 in
467 3771 678 3852 ellipsi.
771 3774 870 3835 Sit
899 3772 1164 3854 angulus
1197 3773 1313 3833 iste
1348 3772 1429 3833 N.
1525 3772 1692 3831 Tum
1737 3771 2014 3850 capiatur
2043 3770 2103 3830 ἃ
2132 3769 2394 3850 angulus
2429 3769 2490 3827 D
2521 3766 2602 3826 ad
