2852 4250
1115 139 1352 188 LIBER
1385 139 1693 188 PRIMUS.
1804 154 1810 157 ’
2512 165 2533 204 1
2545 134 2651 222 47*

186 303 270 366 ob
297 300 762 363 similitudinem
792 301 1008 383 figurae
1051 301 1480 363 evanescentis
1522 302 1588 362 Ρ
1604 324 1646 362 n
1669 323 1702 362 ο
1725 323 1843 382 mq
1886 303 1947 363 &
1991 303 2206 385 figurae
2224 306 2459 366 PFG
2496 307 2624 379 VI,
2744 370 2759 383 ,

186 402 344 462 ratio
400 400 621 464 ultima,
671 400 1033 462 lineolarum
1084 397 1588 460 evanescentium
1644 400 1803 470 Pm,
1855 401 1994 471 Ρη,
2042 401 2170 471 Ρο,
2223 402 2355 480 pq,
2406 402 2469 461 id
2518 417 2628 474 est,

186 499 343 560 ratio
400 499 812 560 mutationum
871 510 1444 559 momentanearum
1502 517 1711 556 curvae
1767 497 1836 556 A
1859 498 1936 569 P,
1998 511 2182 559 rectae
2241 499 2298 558 C
2312 499 2389 570 Ρ,
2450 521 2626 559 arcus

185 595 492 657 circularis
520 598 674 671 ΒΡ,
707 618 779 657 ac
809 607 993 656 rectae
1039 594 1103 654 V
1099 595 1177 666 Ρ,
1211 594 1431 655 eadem
1463 594 1580 654 erit
1623 615 1765 674 quae
1794 592 2094 654 linearum
2124 596 2188 655 P
2205 595 2273 667 V,
2305 597 2449 666 PF,
2474 597 2625 667 PG,

132 758 137 763 ,
183 695 314 754 Pl
334 695 693 774 respective.
787 694 948 779 Cum
979 706 1187 753 autem
1234 691 1299 752 V
1305 693 1376 752 F
1394 692 1474 752 ad
1504 691 1723 752 CF&
1768 692 1926 752 VH
1946 692 2026 752 ad
2064 693 2120 752 C
2138 693 2201 751 V
2221 693 2626 771 perpendicu-

184 790 342 852 lares
388 792 525 863 sint,
571 790 907 873 angulique
950 792 1038 851 H
1063 791 1126 850 V
1140 791 1213 861 G,
1276 790 1339 850 V
1354 791 1411 850 C
1421 790 1492 850 F
1524 803 1855 870 propterea
1900 789 2207 870 aequales;
2257 789 2317 850 &
2361 789 2626 871 angulus

106 941 111 945 .
200 890 359 950 VH
372 891 432 950 G
464 889 570 972 (ob
599 889 860 972 angulos
904 888 1300 970 quadrilateri
1345 890 1432 949 H
1458 890 1520 948 V
1528 890 1597 949 E
1611 890 1675 948 Ρ
1716 889 1798 949 ἃᾶ
1854 889 1922 964 ‚V
1958 889 2019 949 &
2046 890 2116 949 Ρ·
2138 888 2363 971 rectos)
2399 888 2630 970 angulo

190 988 248 1048 C
256 988 326 1048 E
339 989 405 1047 Ρ
452 986 709 1068 aequalis
760 1000 871 1059 est,
925 986 1147 1047 similia
1197 1000 1379 1048 erunt
1422 986 1731 1068 triangula
1790 988 1948 1047 VH
1964 988 2036 1059 G,
2077 989 2133 1048 C
2144 989 2212 1047 E
2228 989 2330 1058 Ρ,·
2376 988 2437 1047 &
2481 987 2626 1048 inde

183 1085 669 1146 fietutEPad
707 1085 959 1146 CEita
993 1086 1159 1146 HG
1201 1086 1280 1146 ad
1326 1086 1502 1146 HV
1535 1107 1645 1146 seu
1690 1085 2531 1156 HP&itaKIadKP,
2567 1083 2628 1144 81

183 1183 527 1262 composite
557 1182 657 1244 vel
688 1182 937 1244 divisim
982 1196 1053 1244 ut
1102 1184 1238 1244 CB
1279 1183 1359 1243 ad
1410 1184 1467 1244 C
1479 1183 1548 1243 E
1589 1184 1675 1243 ita
1717 1184 1846 1243 Ρ]
1869 1183 1947 1244 ἃᾶ
1992 1184 2160 1254 PK,
2196 1183 2256 1243 &
2301 1182 2627 1262 duplicatis

182 1282 705 1361 consequentibus
750 1295 819 1342 ut
867 1282 1004 1342 CB
1046 1281 1126 1341 ad
1177 1302 1206 1340 2
1262 1281 1319 1341 C
1335 1281 1404 1340 E
1449 1281 1533 1340 ita
1562 1282 1692 1340 Ρ]
1727 1281 1808 1341 ἃᾶ
1852 1283 1916 1341 Ρ
1950 1282 2018 1353 V,
2051 1295 2241 1361 atque
2273 1282 2358 1340 ita
2386 1282 2503 1360 Pq
2546 1280 2627 1339 ad

179 1381 244 1440 P
265 1402 341 1441 m.
437 1380 557 1440 Est
588 1381 774 1461 igitur
802 1380 1265 1440 decrementum
1310 1377 1489 1438 lineae
1537 1378 1601 1437 V
1608 1379 1685 1449 Ρ,
1720 1379 1782 1438 id
1823 1393 1933 1451 est,
1969 1380 2415 1440 incrementum
2447 1377 2627 1438 lineae

179 1479 244 1539 B
278 1478 342 1538 V
344 1514 405 1524 —
433 1479 497 1538 V
503 1479 567 1538 Ρ
596 1478 676 1538 ad
709 1479 1155 1538 incrementum
1187 1476 1367 1537 lineae
1398 1498 1606 1537 curvae
1636 1477 1705 1536 A
1733 1478 1797 1536 Ρ
1827 1477 1887 1536 in
1919 1478 2066 1538 data
2111 1479 2349 1538 ratione
2385 1477 2517 1537 CB
2547 1476 2627 1535 ad

183 1597 227 1637 2.
269 1577 326 1652 C
341 1577 422 1648 E,
456 1575 517 1636 &
559 1584 890 1656 propterea
939 1576 1075 1656 (per
1117 1573 1297 1636 corol.
1346 1573 1485 1636 lem.
1536 1574 1622 1656 1v)
1667 1574 2088 1658 longitudines
2132 1578 2196 1636 B
2231 1577 2294 1636 V
2297 1613 2357 1622 —
2388 1576 2450 1635 V
2460 1576 2523 1634 Ρ
2568 1574 2629 1634 ἃ

177 1675 247 1735 Α
274 1676 351 1746 Ρ,
386 1675 778 1736 incrementis
825 1674 940 1735 illis
982 1675 1229 1756 genitae,
1263 1687 1408 1734 sunt
1454 1674 1514 1734 in
1546 1675 1767 1736 eadem
1793 1677 2045 1737 ratione.
2139 1676 2285 1746 Sed,
2320 1676 2627 1736 existente

176 1774 242 1842 B
280 1774 342 1833 V
377 1774 564 1852 radio,
612 1786 708 1834 est
766 1773 830 1833 V
841 1775 905 1833 Ρ
948 1773 1221 1834 co-sinus
1280 1770 1491 1852 anguli
1534 1772 1599 1831 B
1637 1771 1700 1831 V
1712 1773 1776 1831 Ρ
1818 1795 1927 1833 seu
1980 1774 2014 1839 ὲ
2063 1775 2218 1834 BE
2235 1775 2311 1844 Ρ,
2361 1770 2628 1852 ideoque

177 1872 250 1932 Β
274 1872 338 1933 V
340 1907 401 1918 —
430 1872 493 1932 V
500 1873 565 1932 Ρ
593 1872 763 1932 sinus
794 1894 1011 1932 versus
1043 1884 1139 1932 est
1168 1871 1449 1952 ejusdem
1482 1870 1725 1952 anguli;
1774 1871 1834 1932 81:
1864 1886 2194 1952 propterea
2226 1873 2286 1932 in
2319 1872 2433 1932 hac
2476 1868 2623 1942 rota,

177 1971 350 2051 cujus
382 1970 588 2031 radius
619 1984 716 2031 est
736 1970 772 2035 {r
791 1971 856 2030 B
874 1971 942 2041 V,
975 1971 1091 2030 erit
1119 1971 1183 2029 B
1201 1970 1263 2029 V
1266 2006 1327 2015 —
1357 1970 1474 2029 VP
1502 1969 1728 2049 duplus
1759 1971 1931 2030 sinus
1962 1993 2179 2032 versus
2211 1993 2386 2031 arcus
2417 1970 2451 2035 ὲ
2479 1971 2623 2032 ΒΡ.

18 2031 21 2034 >
95 2123 100 2127 .
182 2069 358 2150 Ergo
401 2070 469 2129 A
498 2070 561 2128 Ρ
603 2082 699 2130 est
742 2069 822 2129 ad
867 2067 1127 2148 duplum
1173 2068 1375 2128 sinum
1421 2090 1671 2128 versum
1717 2090 1894 2130 arcus
1924 2070 2135 2135 ἕΒΡ
2178 2083 2247 2130 ut
2295 2091 2324 2129 2
2381 2070 2436 2130 C
2449 2069 2517 2128 E
2544 2067 2623 2127 ad

183 2169 331 2229 CB.
426 2168 712 2242 Q.E.D.

295 2266 555 2326 Lineam
627 2277 836 2325 autem
907 2265 976 2324 A
1011 2266 1074 2325 Ρ
1146 2266 1207 2325 in
1281 2266 1706 2345 propositione
1764 2268 1968 2345 priore
2035 2266 2377 2347 cycloidem
2437 2277 2619 2326 extra

175 2364 449 2448 globum,
496 2362 752 2424 alteram
813 2364 874 2423 in
920 2366 1261 2444 posteriore
1305 2365 1648 2446 cycloidem
1694 2366 1854 2427 intra
1902 2363 2159 2446 globum
2211 2363 2624 2424 distinctionis

175 2464 376 2546 gratia
420 2463 892 2523 nominabimus,

295 2562 491 2623 Corol.
537 2582 582 2622 1.
640 2561 809 2621 Hinc
853 2562 905 2621 si
950 2561 1335 2622 describatur
1378 2560 1604 2641 cyclois
1650 2562 1891 2643 integra
1933 2562 2001 2622 A
2029 2562 2085 2621 S
2097 2562 2157 2620 L
2207 2561 2267 2622 &
2317 2561 2627 2621 bisecetur

175 2683 251 2722 ea
282 2661 342 2721 in
375 2661 440 2732 S,
473 2660 589 2720 erit
631 2658 955 2742 longitudo
1000 2660 1190 2740 partis
1234 2660 1372 2719 PS
1411 2660 1491 2719 ad
1522 2658 1973 2741 longitudinem
2021 2661 2084 2720 V
2091 2662 2155 2719 Ρ
2189 2659 2354 2741 (quae
2399 2656 2625 2737 duplus

175 2771 272 2820 est
300 2759 471 2819 sinus
502 2757 711 2839 anguli
769 2758 1002 2830 VBP,
1035 2759 1342 2820 existente
1386 2759 1455 2818 E
1469 2760 1534 2818 B
1564 2759 1759 2840 radio)
1796 2772 1864 2819 ut
1898 2780 1928 2819 2
1970 2760 2026 2820 C
2042 2760 2111 2819 E
2138 2759 2218 2818 ad
2256 2759 2401 2829 CB,
2434 2770 2623 2837 atque

175 2857 317 2919 ideo
349 2857 409 2917 in
441 2857 677 2917 ratione
707 2856 869 2917 data.

294 2956 489 3016 Corol.
544 2975 596 3016 2.
672 2955 759 3016 Et
816 2954 1142 3037 longitudo
1193 2956 1665 3036 semiperimetri
1715 2954 2007 3036 cycloidis
2066 2955 2133 3015 A
2165 2955 2221 3014 S
2275 2955 2622 3035 aequabitur

103 3062 106 3066 ’
171 3051 352 3115 lineae
383 3066 583 3127 rectae,
616 3075 758 3134 quae
788 3067 885 3115 est
913 3054 995 3115 ad
1026 3067 1180 3116 rotae
1210 3055 1582 3115 diametrum
1613 3055 1678 3114 B
1716 3055 1779 3114 V
1799 3068 1868 3115 ut
1902 3075 1932 3114 2
1973 3054 2030 3114 C
2045 3054 2114 3114 E
2141 3053 2221 3113 ad
2258 3053 2404 3114 CB.

430 3286 1058 3349 PROPOSITIO
1136 3288 1207 3348 L.
1333 3288 1899 3349 PROBLEMA
1980 3286 2375 3348 XXXIII.

439 3444 664 3504 Facere
704 3451 779 3504 ut
817 3452 1034 3525 corpus
1059 3444 1410 3526 pendulum
1439 3445 1751 3507 oscz'lletur
1776 3446 1844 3507 z’n
1888 3445 2141 3526 cycloz'de
2179 3444 2342 3504 data.

285 3600 458 3661 Intra
501 3599 762 3683 globum
809 3601 867 3677 Q
906 3602 1052 3674 VS,
1085 3614 1300 3663 centro
1357 3603 1414 3664 C
1453 3602 1848 3683 descriptum,
1895 3603 2079 3664 detur
2121 3600 2351 3682 cyclois
2395 3600 2540 3674 QR
2564 3600 2622 3658 S

164 3696 400 3759 bisecta
430 3700 490 3759 in
521 3700 587 3760 R
632 3699 693 3760 &
743 3701 987 3780 punctis
1034 3702 1163 3761 suis
1213 3701 1510 3763 extremis
1564 3702 1621 3778 Q
1669 3702 1730 3763 &
1775 3704 1831 3763 S
1871 3701 2217 3782 superficiei
2257 3699 2427 3782 globi
2473 3698 2615 3758 hinc

43 3838 46 3842 -
165 3795 312 3858 inde
355 3819 697 3859 occurrens
812 3798 1064 3880 Agatur
1111 3800 1169 3862 C
1185 3801 1252 3861 R
1295 3800 1579 3861 bisecans
1623 3822 1834 3861 arcum
1885 3800 1942 3875 Q
1966 3800 2023 3860 S
2063 3800 2124 3859 in
2173 3800 2244 3870 Ο,
2280 3797 2340 3858 &
2383 3795 2612 3876 produ-

47 3974 50 3978 Ι
162 3905 337 3954 catur
395 3916 470 3956 ea
527 3896 607 3955 ad
666 3897 755 3967 A,
803 3909 873 3956 ut
923 3897 1004 3957 sit
1052 3898 1199 3959 CA
1252 3898 1331 3958 ad
1388 3899 1524 3959 CO
1575 3911 1643 3958 ut
1708 3899 1847 3959 CO
1889 3897 1970 3957 ad
2021 3897 2181 3957 CR.
2276 3894 2510 3955 Centro
2564 3892 2622 3952 C
