2852 4250
2462 0 2469 2 .
2531 0 2794 93 Ἴ

179 147 212 206 3
226 145 304 206 74
1001 133 1118 182 DE
1152 131 1391 184 Mores
1415 133 1723 185 CORPOR
1735 133 1852 185 ΗΜ

171 295 396 358 minuti
427 296 613 358 unius
644 297 903 360 secundi
935 298 1279 380 percurrit;
1326 298 1601 380 ideoque
1631 296 1852 380 pulsus
1898 322 2063 365 unus
2106 319 2376 388 occupat
2404 308 2682 391 spatium

171 397 411 480 pedum
439 398 909 462 Parmensium
939 400 1121 482 quasi
1163 399 1324 473 ιοῑὲσ,
1360 399 1426 460 id
1471 412 1585 472 est,
1619 399 1882 482 duplam
1927 403 2175 467 circiter
2217 403 2684 491 longitudinem

170 495 412 563 fistulae.
510 498 708 561 Unde
760 498 1080 562 versimile
1114 512 1232 562 est
1284 499 1460 581 quod
1520 498 1892 564 latitudines
1935 501 2252 584 pulsuum,
2286 507 2350 568 in
2395 510 2681 572 omnium

169 597 539 680 apertarum‘
584 597 934 660 fistularum
995 600 1184 673 sonis,
1233 612 1572 681 aequentur
1621 600 1833 684 duplis
1885 601 2391 688 longitudinibus
2443 609 2678 673 fistula-

174 721 335 761 rum.

292 801 487 862 Porro
518 820 628 860 cur
656 800 795 861 soni
828 812 1118 861 cessante
1150 814 1327 862 motu
1361 803 1645 883 corporis
1676 805 1890 867 sonori
1922 806 2137 868 statim
2169 822 2439 885 cessant,
2474 831 2684 893 neque

167 902 404 963 diutius
435 899 777 961 audiuntur
806 900 912 961 ubi
945 899 1316 984 longissime
1347 902 1661 966 distamus
1706 926 1746 966 a
1789 907 2159 988 corporibus
2190 910 2454 984 sonoriS,
2487 933 2681 993 quam

169 1024 312 1064 cum
366 1001 655 1082 proxime
709 1001 1030 1074 absumuS,
1075 1015 1253 1083 patet
1298 1025 1380 1065 ex
1427 1003 1759 1068 corollario
1804 1009 2257 1089 propositionis
2302 1030 2481 1073 XLVII
2540 1011 2682 1076 libri

169 1103 370 1184 hujus,
467 1101 601 1163 Sed
635 1101 696 1163 Sc
727 1124 838 1163 cur
866 1103 1006 1164 soni
1054 1103 1116 1164 in
1166 1105 1334 1167 tubis
1381 1108 1960 1189 stentorophonicis
2006 1110 2197 1174 valde
2241 1127 2558 1197 augentur
2601 1138 2682 1178 ex

166 1202 370 1265 allatis
431 1202 755 1284 principiis
817 1203 1223 1266 manifestum
1285 1220 1399 1270 est.
1542 1207 1765 1270 Motus
1826 1211 1996 1272 enim
2057 1213 2265 1275 omnis
2325 1215 2684 1297 reciprocus

165 1303 432 1387 singulis
486 1304 842 1366 recursibus
895 1327 933 1366 a
985 1328 1177 1368 causa
1226 1313 1589 1390 generante
1630 1311 1848 1394 augeri
1902 1311 2080 1376 solet.
2200 1314 2422 1378 Motus
2469 1330 2684 1380 autem

163 1408 226 1469 in
281 1407 450 1469 tubis
510 1405 948 1469 dilatationem
1009 1430 1311 1471 sonorum
1374 1410 1885 1492 impedientibuS,
1950 1415 2191 1477 tardius
2251 1417 2562 1480 amittitur
2620 1419 2683 1481 &

163 1510 387 1572 fortius
420 1509 696 1582 recurrit,
733 1508 795 1570 &
827 1521 1166 1590 propterea
1196 1532 1235 1571 a
1268 1524 1445 1573 motu
1480 1533 1651 1575 novo
1682 1513 1949 1597 singulis
1982 1516 2339 1579 recursibus
2371 1518 2683 1601 impresso
2732 1511 2766 1536 ⁸
2829 1556 2838 1589 ·,

169 1611 375 1694 magis
407 1622 692 1693 augetur.
821 1609 912 1671 Et
943 1609 1080 1671 haec
1111 1623 1261 1672 sunt
1294 1612 1614 1694 praecipua
1645 1613 2071 1695 phaenomena
2102 1637 2419 1682 sonorum.

1077 1854 1519 1917 SECTIO
1602 1857 1765 1919 IX.

915 2010 1019 2070 De
1045 2018 1215 2071 motu
1244 2012 1554 2074 circulari
1555 2012 1939 2095 fluidorum.

1003 2235 1851 2303 HYPOTHESIS.

162 2390 623 2467 Resistentiam‚
658 2412 798 2472 qua>
839 2390 1059 2452 oritur
1085 2414 1159 2453 ex
1193 2392 1429 2473 defectu
1477 2395 1859 2459 lubricitatis
1885 2400 2187 2479 partium
2195 2400 2421 2482 fluidi,
2453 2403 2686 2464 coeteris

233 2507 523 2588 paribus,
541 2507 1087 2587 proportionalem
1133 2530 1251 2570 esse
1294 2510 1619 2587 velocitati,
1652 2534 1779 2593 qua
1810 2520 2034 2593 partes
2055 2515 2270 2597 fluidi
2299 2525 2688 2599 separantur

248 2622 323 2682 ab
355 2621 626 2683 invicem.

393 2794 1036 2858 PROPOSITIO
1103 2797 1230 2860 LI.
1370 2797 1981 2865 THEOREMA
2049 2804 2445 2869 XXXIX.

163 2966 248 3026 Si
292 2966 619 3046 cylindrus
668 2966 904 3028 solidus
949 2967 1204 3045 infinite
1253 2970 1478 3052 longus
1529 2972 1599 3033 in
1634 2972 1854 3054 fluido
1906 2974 2229 3055 uniformi
2285 2978 2369 3043 ἐπ’
2427 2977 2683 3060 infinito

245 3081 411 3142 circa
470 3103 647 3142 axem
689 3082 1002 3162 positione
1055 3084 1279 3146 datum
1337 3085 1660 3166 uniformi
1714 3110 1855 3150 cum
1919 3097 2094 3152 motu
2153 3093 2534 3170 revolvatur,
2600 3095 2685 3160 (ἴτ’

248 3196 325 3256 ab
369 3196 564 3278 hzq'us
610 3197 887 3277 impulsu
939 3199 1064 3260 solo
1114 3208 1356 3282 agatur
1359 3202 1656 3284 fluz'clum
1697 3204 1767 3266 in
1818 3206 2039 3284 orbem,
2079 3215 2427 3288 perseveret
2474 3218 2682 3271 autem

223 3314 437 3397 fluidi
488 3323 656 3396 pars
735 3338 1120 3399 unaquaeque
1187 3320 1609 3401 uniformiter
1677 3324 1748 3385 in
1823 3333 1996 3387 motu
2068 3349 2179 3390 suo
2195 3356 2221 3402 ,·
2314 3329 2448 3392 dico
2517 3331 2689 3412 quod

247 3438 523 3511 tempora
564 3430 889 3512 periodica
932 3434 1236 3513 partium
1273 3436 1489 3518 fluidi
1540 3448 1695 3501 sunt
1750 3449 1828 3502 ut
1882 3441 2172 3522 ipsarum
2228 3444 2550 3508 distantioe
2603 3447 2680 3509 ab

243 3568 360 3608 axe
385 3545 679 3627 cylindri.

276 3719 378 3782 Sit
408 3719 479 3780 A
501 3720 574 3781 F
580 3720 643 3781 L
677 3718 999 3813 cylindrus
1045 3721 1443 3786 uniformiter
1487 3726 1651 3789 circa
1695 3747 1884 3792 axem
1917 3731 1975 3792 S
2002 3731 2065 3793 in
2111 3733 2333 3796 orbem
2378 3747 2574 3810 actuS,
2615 3735 2679 3798 &

160 3819 407 3883 circulis
438 3821 854 3883 concentricis
899 3822 966 3882 B
990 3821 1170 3896 GM,
1211 3825 1269 3886 C
1280 3825 1369 3885 H
1377 3826 1472 3899 N,
1520 3829 1593 3888 D
1614 3830 1665 3889 J
1682 3831 1754 3903 O,
1797 3832 1870 3892 E
1887 3832 2064 3907 KP,
2100 3833 2214 3897 &c.
2250 3834 2680 3919 distinguatur

161 3922 427 3984 fluidum
474 3922 537 3983 in
584 3921 772 3985 orbes
817 3920 1196 4004 cylindricos
1244 3925 1610 3990 innumeros
1653 3933 2088 3996 concentricos
2118 3933 2357 3998 solidos
2388 3936 2676 4019 ejusdem

2771 2267 2818 2453 i

2807 2498 2821 2730 ᾗ

2842 3084 2852 3168 ἰ

2844 3217 2848 3233 1

2849 3800 2852 3905 i
