2846 4250
95 126 99 132 .
194 128 279 187 49
282 72 323 186 4
759 130 762 134 -
965 105 1081 155 DE
1119 104 1407 156 MUNDJ
1438 103 1796 156 SYSTEMA
1806 106 1904 156 TE
1975 87 1993 110 ·“

186 275 381 359 plano
438 270 743 354 eclipticae
803 269 1073 333 describi
1133 270 1342 333 debet.
1465 269 1583 333 Sin
1642 285 1952 353 punctum
2010 274 2077 335 P
2135 295 2263 338 non
2326 271 2564 340 incidat
2623 279 2687 341 in

186 387 489 458 punctum
534 374 622 435 N
634 400 658 446 ,·
724 373 787 434 in
832 383 1004 434 recta
1053 371 1124 432 A
1159 370 1218 433 C
1255 370 1542 452 capiatur
1598 372 1658 434 C
1678 371 1740 434 G
1785 373 1904 455 ipsi
1949 374 2038 436 N
2051 376 2118 437 P
2167 375 2447 459 aequaliS,
2487 379 2576 442 ita
2620 394 2691 444 ut

184 487 418 557 puncta
453 473 514 535 G-
547 472 606 535 &
635 474 701 534 P
729 472 811 533 ad
843 471 1104 533 easdem
1133 483 1348 552 partes
1381 484 1571 534 rectae
1602 473 1690 534 N
1715 473 1775 535 C
1786 473 2061 556 jaceant.
2715 559 2723 565 .

301 575 551 637 Eadem
573 573 903 648 methodo,
938 593 1066 653 qua
1095 585 1332 653 puncta
1370 573 1454 646 E,
1486 573 1582 649 A,
1623 573 1688 646 C,
1729 573 1804 647 G,
1838 596 1920 636 ex
1964 578 2297 658 assumpto
2339 591 2580 659 puncto
2623 581 2692 642 B

183 677 442 739 inventa
471 687 633 748 sunt,
668 673 1072 735 inveniantur
1123 694 1206 735 ex
1254 675 1598 756 assumptis
1644 688 1970 757 utcunque
2014 678 2267 758 punctis
2313 678 2452 740 aliis
2484 680 2519 741 b
2550 678 2612 742 8c
2641 682 2690 755 β

179 790 414 858 puncta
466 797 633 837 nova
682 796 725 847 e,
759 796 814 846 a,
846 795 890 845 c,
913 795 978 854 g,
1029 772 1091 834 &
1142 799 1181 846 ε,
1215 799 1267 847 α,
1299 799 1345 848 κ,
1380 799 1437 853 γ.
1554 776 1823 839 Deinde·
1864 778 1917 839 si
1968 799 2084 859 per
2141 779 2216 853 G,
2238 801 2309 862 g,
2342 805 2386 859 γ
2417 780 2688 844 ducatur

179 875 678 939 circumferentia
722 872 933 936 circuli
986 873 1189 956 Ggy,
1238 896 1461 936 secans
1508 889 1743 938 rectam
1797 903 1837 935 τ
1866 878 1924 939 C
1963 878 2026 939 in
2079 879 2143 940 Z
2160 905 2179 941 .·
2246 880 2366 942 erit
2407 882 2474 942 Z
2513 879 2689 944 locus

178 988 442 1039 cometae
475 976 536 1037 in
582 973 773 1056 plano
819 973 1141 1056 eclipticae.
1241 975 1331 1037 Et
1388 964 1441 1037 si
1497 976 1559 1037 in
1612 978 1682 1038 A
1718 978 1784 1051 C,
1831 1000 1943 1055 ac,
1991 1004 2081 1037 ακ
2133 981 2464 1062 capiantur
2506 983 2578 1044 A
2606 984 2684 1057 F,

173 1076 286 1158 af,
335 1079 446 1159 αφ
495 1075 647 1158 ipsis
707 1074 765 1137 C
788 1076 862 1149 G,
912 1097 1019 1158 cg,
1071 1100 1169 1154 κγ
1222 1077 1578 1158 respective
1612 1076 1910 1160 aequaleS,
1944 1078 2006 1140 &
2059 1101 2174 1162 per
2217 1094 2456 1162 puncta
2508 1083 2584 1157 F,
2615 1083 2684 1164 ᾗ

174 2836 224 2914 φ
269 2834 533 2895 ducatur
584 2833 1085 2896 circumferentia
1129 2831 1340 2895 circuli
1399 2834 1472 2894 F
1469 2832 1535 2914 f
1545 2836 1611 2914 φ,
1660 2852 1886 2894 secans
1940 2843 2178 2894 rectam
2232 2830 2302 2893 A
2342 2829 2409 2892 T
2450 2829 2514 2891 in
2562 2829 2640 2890 X
2661 2856 2686 2901 ‚-

173 2934 291 2994 erit
332 2928 634 3014 punctum
663 2935 742 2995 X
769 2934 927 2996 alius
974 2948 1239 2997 cometae
1285 2933 1460 2996 locus
1509 2934 1570 2994 in
1618 2931 1812 3015 plano
1859 2931 2185 3015 eclipticae.
2281 2930 2393 2992 Ad
2446 2942 2684 3012 puncta

173 3035 251 3094 X
294 3035 355 3095 ἃ
399 3036 461 3096 Ζ
488 3037 810 3119 erigantur
854 3050 1191 3119 tangentes
1241 3035 1649 3098 latitudinum
1697 3047 1968 3097 cometae
2018 3034 2100 3095 ad
2148 3032 2360 3095 radios
2422 3032 2488 3092 T
2498 3032 2576 3092 X
2622 3030 2684 3092 ἃ

175 3136 299 3195 τΖ
317 3159 341 3205 ,·
410 3135 471 3197 ἃ
524 3136 924 3198 habebuntur
974 3136 1113 3199 loca
1160 3138 1289 3199 duo
1338 3151 1606 3199 cometae
1660 3137 1723 3198 in
1772 3135 1931 3198 orbe
1980 3134 2254 3216 proprio.
2380 3132 2682 3214 Denique

182 3235 319 3318 (per
382 3258 559 3317 prop.
623 3258 740 3298 XIX
799 3237 901 3301 lib.
975 3237 1031 3321 1)
1090 3237 1388 3300 umbilico
1451 3239 1508 3299 S
1563 3261 1678 3320 per
1732 3236 1873 3300 loca
1933 3234 2039 3298 illa
2098 3235 2228 3297 duo
2289 3233 2685 3296 describatur

176 3335 491 3417 parabola,
526 3337 588 3399 &
618 3338 755 3399 haec
786 3338 904 3399 erit
934 3339 1290 3420 trajectoria
1320 3354 1604 3402 cometae.
1702 3340 1778 3416 Q.
1794 3339 1877 3401 E.
1893 3338 1951 3400 I.

293 3437 798 3499 Constructionis
860 3438 1047 3520 hujus
1108 3438 1567 3501 demonstratio
1627 3462 1710 3502 ex
1762 3438 2168 3501 lemmatibus
2228 3435 2682 3517 consequitur:

177 3536 417 3618 quippe
462 3559 605 3598 cum
638 3551 809 3599 recta
852 3538 921 3598 A
957 3538 1015 3599 C
1053 3551 1302 3599 secetur
1325 3539 1387 3599 in
1420 3541 1490 3600 E
1531 3540 1593 3600 in
1627 3540 1871 3602 ratione
1912 3553 2274 3627 temporum
2306 3559 2422 3618 per
2450 3534 2686 3598 lemma

174 3656 278 3710 vn,
325 3650 397 3698 ut
447 3651 699 3719 oportet
750 3659 865 3718 per
914 3636 1058 3699 lem.
1115 3658 1274 3700 vm:
1346 3638 1408 3699 ἃ
1460 3639 1619 3700 BE
1666 3662 1782 3721 per
1833 3639 1976 3702 lem.
2036 3659 2106 3700 XI
2159 3639 2242 3700 sit
2293 3642 2683 3720 pars'rectae

173 3738 240 3798 B
263 3738 319 3798 S
358 3738 460 3800 vel
505 3738 633 3820 Βξ
674 3739 737 3800 in
769 3736 960 3819 plano
991 3735 1296 3818 eclipticae
1341 3738 1511 3799 arcui
1558 3739 1627 3799 A
1655 3741 1722 3800 B
1749 3740 1808 3802 C
1833 3740 1895 3802 82
1926 3739 2183 3802 chordae
2213 3739 2283 3800 A
2313 3738 2384 3799 E
2410 3737 2469 3798 C
2494 3737 2680 3798 inter-

170 3837 374 3919 jecta;
437 3837 498 3900 &
528 3839 696 3900 MP
729 3836 868 3922 (per
915 3835 1101 3900 corol.
1153 3835 1295 3899 lem.
1333 3836 1401 3919 x)
1436 3836 1771 3921 longitudo
1819 3841 1902 3902 sit
1955 3840 2212 3903 chordae
2258 3860 2455 3911 arcuS,
2490 3858 2682 3920 quem
