2852 4250
183 113 304 190 306
1006 113 1123 162 DE
1158 111 1277 163 Mo
1285 112 1394 162 TU
1422 111 1729 167 CORPOR
1742 100 1862 164 ΠΜ

299 280 521 364 Atque
552 280 667 343 has
700 278 1136 343 conclusiones
1183 278 1245 338 in
1294 277 1483 338 rebus
1528 277 1820 358 practicis
1865 277 2121 341 abunde
2165 278 2320 342 satis'
2364 295 2700 347 accuratas·

181 402 324 443 esse
354 402 599 443 censeo.
700 380 871 442 Nam
905 401 1047 441 cum
1074 376 1311 458 ellipsis
1337 374 1438 438 vel
1470 374 1774 458 parabola
1804 377 1871 439 B
1892 378 1959 440 R
1999 378 2064 439 V
2074 378 2133 440 S
2143 400 2184 440 a
2216 387 2529 463 congruat
2545 402 2690 444 cum

181 481 385 564 figura
427 482 593 542 ΒΚ
622 481 685 541 V
708 481 773 542 T
778 503 819 541 a
865 481 927 541 in
974 490 1214 561 puncto
1259 475 1474 538 medio
1522 476 1592 549 V,
1628 476 1766 539 haec
1811 477 1864 539 si
1911 477 1994 539 ad
2032 490 2279 559 partem
2325 477 2692 543 alterutram

182 582 334 643 BR
369 581 433 642 V
454 564 557 642 vel
606 580 670 641 V
680 580 738 640 S
750 602 790 640 a
821 579 1074 641 excedit
1119 577 1387 660 figuram
1421 574 1609 652 illam,
1643 575 1897 638 deficiet
1927 577 2009 638 ab
2054 577 2282 639 eadem
2318 578 2402 641 ad
2446 589 2694 660 partem

184 680 463 754 alteram,
500 680 560 741 &
592 679 680 740 sic
712 676 1314 757 eidem'aequabitur
1344 696 1535 756 quarn
1569 676 1874 756 proxime.
2138 679 2142 682 ’

382 943 1020 1007 PROPOSITIO
1102 944 1411 1006 XXXI.
1540 943 2154 1007 THEOREMA
2238 946 2489 1010 XXV.

184 1138 268 1199 Si
319 1134 594 1216 corporis
652 1132 995 1194 oscillantes
1055 1133 1401 1194 resisteulz'a
1462 1133 1532 1194 in
1592 1133 1865 1215 sz‘ugulzs
1920 1155 2188 1195 arcuum
2245 1134 2695 1216 descriptorum

251 1250 555 1331 partibus
584 1247 1172 1330 proportionalibus
1214 1255 1530 1330 augeatur
1572 1249 1671 1309 vel
1713 1248 2054 1310 minuatur
2095 1250 2166 1311 in
2216 1250 2369 1312 data
2414 1251 2659 1313 ratione
2675 1278 2699 1324 ‚-

267 1368 620 1453 differentia
674 1369 843 1429 iuter
887 1388 1108 1457 arcum
1160 1366 1438 1429 descensu
1490 1366 1868 1447 descriptum
1917 1367 2000 1432 &³
2042 1388 2263 1428 arcum
2314 1367 2702 1451 subsequente

270 1507 519 1547 ascensu
548 1484 943 1564 descrsptum,
976 1484 1312 1565 augebitur
1340 1484 1439 1544 vel
1461 1482 1862 1544 diminuetur
1889 1483 1958 1544 in
1988 1482 2194 1544 eadem
2226 1485 2481 1547 ratione.

301 1671 523 1733 Oritur
546 1670 715 1732 enim
748 1669 1105 1731 differentia
1138 1667 1242 1730 illa
1272 1691 1353 1730 ex
1386 1661 1812 1730 retardatione
1843 1666 2103 1748 penduli
2137 1689 2253 1749 per
2275 1668 2698 1731 resistentiam

184 1772 392 1844 medii,
438 1772 712 1852 ideoque
744 1783 842 1831 est
887 1783 957 1831 ut
1003 1769 1347 1831 retardatio
1394 1782 1529 1831 tota
1574 1768 1762 1850 eique
1808 1767 2298 1850 proportionalis
2344 1769 2702 1832 resistentia

183 1874 527 1937 retardans,
630 1873 702 1932 In
750 1870 1076 1951 superiore
1123 1870 1558 1952 propositione
1591 1867 2029 1952 rectangulum
2061 1870 2182 1931 sub
2213 1883 2384 1932 recta
2415 1870 2592 1937 saB
2637 1870 2699 1933 &

183 1995 441 2036 arcuum
492 1971 738 2034 illorum
792 1971 941 2044 CB,
983 1971 1040 2032 C
1052 1993 1091 2031 a
1123 1970 1481 2031 differentia
1512 1971 1580 2031 A
1606 1992 1644 2030 a
1692 1969 1957 2051 aequalis
2000 1983 2137 2031 erat
2181 1991 2346 2032 areae
2377 1971 2543 2032 BK
2567 1971 2692 2033 Ta.

186 3093 276 3154 Et
297 3113 446 3153 area
479 3089 596 3165 illa,
623 3091 675 3152 si
709 3104 964 3153 maneat
987 3089 1320 3174 longitudo
1351 3116 1390 3154 a
1411 3094 1490 3167 B,
1518 3107 1790 3177 augetur
1812 3093 1915 3157 vel
1947 3095 2338 3158 diminuetur
2360 3096 2423 3158 in
2456 3097 2702 3159 ratione

181 3193 519 3256 ordinatim
553 3191 1009 3274 applicatarum
1042 3194 1213 3254 DK
1227 3220 1252 3265 ‚·
1298 3194 1418 3256 hoc
1450 3207 1564 3268 est,
1599 3194 1660 3255 in
1707 3195 1951 3258 ratione
1995 3196 2390 3270 resistentiae‚
2426 3196 2704 3280 ideoque

181 3305 281 3355 est
311 3306 381 3354 ut
411 3291 745 3375 longitudo
776 3314 816 3352 a
840 3292 906 3352 B
938 3291 999 3353 ἃ
1032 3293 1393 3355 resistentia
1423 3295 1827 3377 conjunctim.
1927 3296 2333 3380 Proindeque
2365 3310 2697 3381 rectangu-

181 3393 312 3456 lum
345 3394 464 3455 sub
495 3394 564 3454 A
589 3416 630 3454 a
662 3392 724 3454 &
753 3392 789 3458 {-
818 3392 943 3453 aB
973 3405 1073 3475 est
1096 3406 1166 3454 ut
1195 3415 1234 3454 a
1254 3394 1320 3454 B
1353 3393 1413 3455 ἃ
1445 3395 1806 3457 resistentia
1837 3397 2239 3480 conjunctim,
2268 3397 2330 3460 ἃ
2361 3410 2701 3480 propterea

181 3495 251 3555 A
275 3516 316 3555 a
348 3506 418 3555 ut
450 3492 825 3555 resistentia.
923 3492 998 3568 Q.
1028 3493 1110 3555 E.
1149 3494 1233 3556 D.

304 3595 504 3657 Corol.
551 3615 598 3656 1.
658 3592 853 3655 Unde
884 3592 938 3654 si
971 3594 1330 3656 resistentia
1360 3595 1443 3656 sit
1483 3608 1554 3657 ut
1584 3595 1907 3671 velocitas,
1940 3591 2298 3660 differentia
2327 3619 2588 3660 arcuum
2642 3598 2705 3660 in

180 3696 410 3759 eodem
435 3695 648 3757 medio
680 3694 800 3755 erit
830 3706 902 3755 ut
931 3715 1114 3756 arcus
1146 3700 1319 3756 totus
1352 3695 1708 3777 descriptus
1740 3721 1752 3760 ι
1801 3698 1864 3760 8ε
1901 3711 2138 3761 contra.

313 3797 517 3859 Corol.
559 3816 611 3857 2.
661 3795 733 3857 Si
759 3794 1118 3856 resistentia
1142 3794 1223 3856 sit
1249 3795 1309 3855 in
1336 3794 1657 3877 duplicata
1688 3798 1931 3861 ratione
1955 3796 2324 3872 velocitatiS,
2351 3797 2706 3862 differentia

198 3895 299 3960 illa
332 3897 452 3960 erit
483 3897 545 3959 in
577 3894 900 3977 duplicata
930 3894 1174 3957 ratione
1206 3917 1387 3957 arcus
1421 3897 1613 3958 totius
1644 3921 1654 3960 :
1704 3897 1765 3960 &
1796 3911 2030 3961 contra.
