2846 4224
201 127 379 189 xxxii
816 155 817 158 ¹
1007 125 1392 178 EDITORIS
1427 124 1709 176 PRAEFA
1718 125 1862 177 TJO.

142 337 148 342 -
201 296 524 378 principia,
561 294 737 378 quod
769 293 1164 377 quibusdam
1197 293 1410 357 forsan
1458 293 1821 355 hominibus
1868 292 2076 354 minus
2105 303 2292 376 grata
2325 293 2454 356 sint
2480 293 2706 360 futura.

207 398 333 460 His
379 397 481 460 vel
529 395 829 479 miracula
874 395 978 458 vel
1032 394 1370 478 qualitates
1430 394 1694 458 occultae
1754 394 2061 466 dicantur,
2123 415 2269 475 quae
2329 393 2708 476 displicent:

198 491 425 561 verum
471 498 729 560 nomina
774 495 1087 560 malitiose
1133 496 1333 557 indita
1378 517 1507 558 non
1553 507 1702 556 sunt
1747 494 1900 575 ipsis
1946 493 2135 555 rebus
2166 493 2326 555 vitio
2362 495 2708 571 vertenda3

199 598 319 660 nisi
351 597 503 660 illud
534 597 717 659 fateri
748 597 1008 659 tandem
1039 595 1253 669 velint,
1282 596 1501 677 utique
1532 595 1768 657 debere
1799 592 2268 677 philosophiam
2299 592 2363 654 in
2395 593 2711 660 atheismo

196 696 465 760 fundari.
596 697 848 759 Horum
895 697 1224 759 hominum
1269 696 1476 778 gratia
1507 717 1634 758 non
1666 696 1785 757 erit
1811 693 2257 757 labefactanda
2286 692 2707 777 philosophia,

195 798 512 880 siquidem
545 820 753 859 rerum
786 798 944 859 ordo
978 819 1105 859 non
1138 794 1276 858 vult
1306 796 1641 859 immutari.

311 899 647 960 Obtinebit
695 898 886 981 igitur
936 897 1108 979 apud
1167 897 1404 978 probos
1467 896 1529 958 8c
1595 918 1815 978 aequos
1867 896 2118 980 judices
2179 897 2709 978 praestantissima

194 999 684 1086 philosophandi
720 999 893 1072 ratio,
929 1021 1074 1080 quae
1119 997 1422 1059 fundatur
1453 998 1515 1058 in
1548 998 2001 1079 experimentis
2035 998 2096 1061 8z
2127 999 2702 1062 observationibus,

196 1102 369 1162 Huic
422 1123 592 1174 ver0,
649 1100 772 1161 dici
826 1100 936 1162 vix
988 1099 1236 1181 poterit,
1297 1112 1534 1180 quanta
1594 1097 1704 1159 lux
1763 1100 2040 1173 accedat,
2106 1113 2348 1182 quanta
2406 1100 2703 1184 dignitaS‚

190 1202 271 1262 ab
332 1202 452 1264 hoc
497 1224 690 1283 opere
744 1199 1047 1283 praeclaro
1102 1199 1504 1261 illustrissimi
1552 1200 1749 1261 nostri
1797 1200 2105 1274 auctoris;
2171 1201 2349 1282 cujus
2402 1201 2705 1263 eximiam

188 1303 424 1384 ingenii
456 1302 838 1375 felicitatem,
873 1300 1240 1363 difficillima
1272 1323 1546 1383 quaeque
1577 1299 1976 1382 problemata
2007 1287 2361 1373 enodantis,
2398 1300 2460 1362 ἃ
2499 1302 2582 1363 ad
2628 1324 2707 1365 ea

190 1425 379 1484 porro
411 1403 828 1486 pertingentis
860 1402 941 1463 ad
975 1425 1119 1484 quae
1152 1415 1268 1463 nec
1300 1425 1447 1483 spes
1481 1415 1616 1463 erat
1650 1402 1993 1463 humanam
2028 1414 2308 1463 mentem
2359 1423 2699 1486 assurgere
2766 1400 2795 1420 ⁵

189 1511 489 1592 potuisse,
525 1509 750 1570 merito
782 1508 1175 1569 admirantur
1206 1507 1267 1568 &
1299 1507 1651 1588 suspiciunt
1683 1507 2045 1588 quicunque
2093 1503 2283 1587 paulo
2326 1505 2706 1587 profundius

190 1612 253 1672 in
307 1611 480 1672 hisce
534 1611 722 1672 rebus
776 1609 1011 1671 versati
1058 1621 1221 1670 sunt.
1320 1607 1629 1670 Claustris
1676 1630 1832 1691 ergo
1879 1607 2191 1683 reseratiS,
2226 1607 2472 1668 aditum
2520 1607 2706 1670 nobis

188 1711 438 1793 aperuit
513 1711 594 1772 ad
669 1709 1090 1791 pulcherrima
1166 1730 1373 1770 rerum
1462 1709 1777 1790 mysteria.
1920 1708 2305 1790 Systematis
2396 1708 2703 1771 mundani

189 1834 567 1894 compagem
617 1810 1154 1893 elegantissimam
1203 1810 1289 1871 ita
1335 1810 1596 1871 tandem
1642 1809 1944 1891 patefecit
1988 1810 2048 1871 ἃ
2081 1811 2358 1891 penitius
2405 1832 2701 1892 perspec-

184 1915 444 1976 tandam
494 1913 706 1987 dedit;
755 1925 825 1973 ut
873 1934 989 1973 nec
1044 1912 1194 1992 ipse,
1230 1912 1282 1972 si
1334 1934 1499 1972 nunc
1547 1913 1970 1985 revivisceret,
2017 1934 2129 1973 rex
2176 1912 2553 1993 Alphonsus
2595 1911 2700 1975 vel
2787 1988 2790 1991 Ι

183 2015 650 2097 simplicitatem
682 2014 785 2075 vel
818 2014 1165 2075 harmoniae
1196 2013 1470 2096 gratiam
1503 2013 1562 2074 in
1599 2035 1675 2074 ea
1707 2013 2117 2075 desideraret.
2204 2014 2431 2094 Itaque
2458 2027 2702 2076 naturae

184 2120 581 2200 majestatem
632 2115 892 2197 propius
933 2115 1068 2197 jam
1118 2113 1264 2175 licet
1317 2114 1561 2187 intueri,
1620 2114 1681 2175 Sc
1734 2113 2101 2175 dulcissima
2162 2113 2702 2196 contemplatione

181 2219 316 2292 frui,
380 2218 777 2280 conditorum
838 2237 993 2277 vero
1052 2237 1125 2275 ac
1186 2215 1515 2276 dominum
1577 2215 2018 2298 universorum
2081 2216 2431 2297 impensius
2493 2215 2701 2279 colere

183 2320 244 2381 &
289 2318 593 2391 venerari,
630 2317 738 2398 qui
793 2315 1031 2376 fructus
1079 2328 1177 2376 est
1222 2314 1642 2396 philosophiae
1691 2314 1891 2378 multo
1938 2317 2309 2379 uberrimus
2437 2317 2698 2379 Caecum

179 2444 321 2483 esse
374 2432 639 2501 oportet,
696 2417 804 2498 qui
859 2438 939 2477 ex
994 2416 1251 2496 optimis
1296 2416 1357 2477 &
1403 2417 1889 2498 sapientissimis
1936 2440 2145 2479 rerum
2193 2418 2523 2480 structuris
2570 2440 2700 2481 non

178 2522 394 2583 statim
477 2520 695 2580 videat
770 2517 1164 2579 fabricatoris
1254 2518 1712 2599 omnipotentis
1789 2518 2100 2581 infinitam
2176 2520 2557 2601 sapientiam
2634 2520 2696 2582 &

178 2623 528 2684 bonitatem
558 2644 569 2682 :
619 2620 928 2691 insanum,
964 2619 1068 2699 qui
1105 2618 1384 2699 profiteri
1418 2618 1587 2681 nolit.

299 2723 566 2784 Extabit
597 2721 787 2804 igitur
817 2720 1119 2781 eximium
1158 2720 1483 2781 NEWTONI
1516 2743 1678 2802 opus
1710 2722 2020 2784 adversus
2052 2723 2385 2786 atheorum
2420 2725 2696 2806 impetus

181 2824 671 2886 munitissimum
705 2821 1073 2903 praesidium
1104 2845 1114 2882 :
1164 2842 1373 2902 neque
1405 2821 1574 2883 enim
1607 2821 1899 2885 alicunde
1941 2824 2198 2899 felicius,
2233 2849 2426 2908 quam
2460 2847 2542 2888 ex
2576 2826 2695 2889 hac

178 2926 488 3008 pharetra,
545 2936 764 2985 contra
819 2921 1077 3002 impiam
1128 2935 1450 2983 catervam
1503 2922 1631 2985 tela
1683 2924 2174 3007 deprompseris
2305 2927 2453 2989 Hoc
2494 2928 2697 2989 sensit

181 3030 443 3112 pridem,
481 3029 541 3088 ἃ
574 3028 636 3087 in
669 3026 1046 3107 pereruditis
1094 3027 1502 3088 concionibus
1549 3026 1796 3110 anglice
1842 3028 2167 3111 latineque
2206 3031 2412 3104 editis,
2448 3032 2693 3113 primus

178 3131 437 3214 egregie
470 3127 932 3190 demonstravit
962 3127 1062 3187 vir
1093 3127 1154 3187 in
1188 3127 1360 3188 omni
1393 3125 1714 3189 literarum
1746 3151 1983 3212 genere
2016 3130 2356 3213 praeclarus
2390 3133 2694 3215 idemque

177 3234 487 3294 bonarum
541 3228 769 3290 artium
830 3227 1039 3289 fautor
1090 3228 1360 3289 eximius
1425 3229 1818 3292 RICHARDUS
1885 3232 2273 3307 BENTLEHJS,
2336 3233 2531 3296 seculi
2593 3235 2690 3296 sui

183 3331 243 3393 Sc
273 3329 617 3392 academiae
650 3340 883 3389 nostrae
909 3349 1212 3410 magnum
1244 3342 1704 3403 ornamentum,
1733 3329 1979 3414 collegii
2014 3334 2211 3395 nostri
2237 3335 2305 3396 S.
2350 3336 2695 3398 Trinitatis

180 3432 483 3514 magister
549 3429 960 3512 dignissimus
1029 3428 1090 3490 &
1163 3429 1623 3511 integerrimus,
1782 3432 1955 3494 Huic
2030 3456 2155 3517 ego
2230 3458 2333 3498 me
2402 3435 2690 3518 pluribus

177 3532 536 3594 nominibus
567 3530 938 3592 obstrictum
970 3529 1151 3591 fateri
1184 3530 1392 3592 debeo
1424 3554 1435 3593 ε
1469 3530 1613 3593 huic
1640 3531 1702 3593 &
1733 3545 1875 3595 tuas
1908 3555 2053 3615 quae
2085 3535 2404 3599 debentur
2429 3539 2686 3622 gratiaS,

118 3653 123 3656 ·
178 3632 376 3694 lector
425 3629 754 3703 benevole,
811 3652 939 3692 non
993 3630 1358 3714 denegabis,
1479 3632 1543 3693 Is
1598 3633 1786 3705 enim,
1843 3656 1987 3695 cum
2041 3658 2079 3696 a
2127 3635 2327 3720 longo
2393 3652 2689 3722 tempore

174 3730 564 3794 celeberrimi
625 3732 897 3792 auctoris
973 3731 1247 3792 amicitia
1322 3731 1544 3793 intima
1617 3731 1944 3807 frueretur,
2013 3734 2166 3818 (qua
2241 3739 2435 3801 etiam
2510 3742 2684 3823 apud

174 3846 463 3915 posteros
513 3832 754 3894 censeri
804 3853 930 3894 non
986 3832 1245 3894 minoris
1307 3833 1595 3906 aestimat,
1653 3856 1846 3916 quam
1906 3838 2177 3919 propriis
2242 3841 2492 3923 scriptis
2538 3865 2685 3925 quae

2836 3735 2846 3895 i

2781 4032 2786 4035 ἢ
2830 3897 2846 3992 1
