2852 4250
163 183 282 244 180
977 176 1094 227 DE
1127 175 1365 227 MOTU
1397 171 1840 226 CORPORUM

153 349 276 412 hoc
307 361 420 422 est,
452 359 526 409 ut
569 366 813 408 errores
858 365 1082 406 omnes
1127 341 1396 404 lineares
1442 340 1570 402 sint
1599 351 1670 400 ut
1699 335 1949 400 orbium
1980 334 2289 409 diametri,
2322 334 2660 420 angulares

152 471 309 512 vero
347 448 556 520 iidem,
590 446 698 528 qui
736 445 924 526 priuS,
967 443 1029 505 &
1073 463 1357 504 errorum
1401 439 1731 501 linearium
1777 434 2076 498 similium
2114 434 2219 498 vel
2262 435 2659 521 angularium

153 547 496 632 aequalium
526 557 816 627 tempora
845 557 915 606 ut
945 543 1192 606 orbium
1223 554 1513 621 tempora
1543 536 1880 620 periodica.

274 649 476 710 Corol.
522 651 612 708 16.
670 644 881 716 Unde,
916 643 969 704 si
1014 642 1246 704 dentur
1274 640 1523 702 orbium
1554 638 1775 700 formae
1809 637 1871 699 &
1904 635 2224 700 inclinatio
2255 638 2339 701 ad
2371 638 2660 713 invicem,

153 748 216 811 &
274 761 596 809 mutentur
653 758 975 825 utcunque
1034 762 1369 822 corporum
1422 737 1912 821 magnitudines,
1967 739 2137 800 vires
2191 738 2253 800 &
2305 739 2660 814 distantiae3

151 872 233 912 ex
263 850 428 911 datis
461 846 776 909 erroribus
823 843 885 905 &
930 863 1213 905 errorum
1259 840 1652 921 temporibus
1685 838 1748 900 in
1779 860 1910 902 uno
1939 861 2106 913 casu,
2140 838 2349 923 colligi
2394 854 2664 922 possunt

149 971 392 1012 errores
454 947 515 1008 &
574 966 857 1008 errorum
918 957 1209 1024 tempora
1268 941 1332 1003 in
1394 939 1518 1003 alio
1578 940 1824 1022 quoviS,
1887 962 2081 1023 quam
2141 941 2472 1022 proxime:
2547 943 2663 1006 sed

147 1050 403 1111 brevius
449 1047 567 1108 hac
612 1044 932 1106 methodo.
1029 1043 1219 1105 Vires
1266 1043 1354 1104 N
1367 1043 1468 1116 M
1515 1042 1702 1115 ML,
1736 1042 1982 1104 caeteris
2026 1042 2359 1117 stantibuS,
2399 1055 2549 1105 sunt
2592 1056 2664 1106 ut

146 1149 358 1210 radius
419 1147 484 1207 T
489 1147 569 1219 P,
626 1145 688 1206 ἃ
747 1144 971 1205 harum
1032 1144 1295 1206 effectus
1355 1142 1658 1225 periodici
1724 1141 1866 1224 (per
1922 1140 2108 1205 corol.
2168 1163 2199 1204 2
2252 1140 2395 1205 lem.
2454 1141 2525 1228 x)
2591 1156 2664 1205 ut

147 1251 333 1323 vireS,
384 1247 446 1309 &
491 1245 871 1328 quadratum
917 1245 1224 1325 temporis
1270 1243 1574 1325 periodici
1621 1241 1902 1324 corporis
1946 1243 2011 1303 P
2063 1242 2465 1325 conjunctim.
2566 1244 2662 1306 Hi

145 1363 294 1413 sunt
338 1370 582 1411 errores
628 1346 896 1408 lineares
943 1346 1223 1427 corporis
1269 1346 1348 1419 P,
1399 1344 1461 1406 &
1508 1344 1654 1406 hinc
1699 1364 1944 1406 errores
1976 1340 2314 1425 angulares
2360 1364 2397 1405 e
2442 1356 2662 1407 centro

159 1452 224 1513 T
264 1448 530 1531 spectati
591 1447 679 1531 (id
734 1459 851 1522 est,
905 1459 1036 1508 tam
1092 1459 1303 1508 motus
1357 1445 1540 1528 augis
1595 1443 1658 1506 &
1706 1443 2036 1516 nodorum,
2089 1465 2282 1525 quam
2328 1465 2552 1506 omnes
2599 1443 2662 1511 in

144 1550 609 1634 longitudinem
670 1548 732 1610 &
791 1547 1191 1609 latitudinem
1252 1567 1498 1608 errores
1558 1543 1968 1628 apparentes)
2032 1558 2196 1617 sunt,
2261 1545 2346 1608 in.
2379 1543 2665 1626 qualibet

145 1651 541 1716 revolutione
601 1650 883 1731 corporis
936 1650 1014 1722 P,
1063 1661 1134 1709 ut
1187 1646 1568 1729 quadratum
1619 1646 1926 1728 temporis
1986 1643 2405 1708 revolutionis
2467 1665 2667 1727 quam

145 1754 447 1838 proxime.
567 1751 1055 1834 Conjungantur
1114 1747 1217 1809 hae
1271 1747 1549 1810 rationes
1602 1768 1748 1809 cum
1802 1746 2151 1809 rationibus
2204 1744 2513 1810 corollarii
2571 1767 2663 1825 14,

145 2857 208 2919 &
263 2857 324 2918 in
379 2856 664 2940 quolibet
715 2879 1053 2940 corporum
1111 2858 1181 2933 T,
1231 2860 1335 2941 P„
1364 2859 1422 2921 S
1464 2872 1830 2942 systemate,
1878 2859 1986 2922 ubi
2032 2861 2099 2922 P
2142 2860 2378 2923 circum
2443 2861 2511 2923 T
2543 2860 2664 2923 sibi

144 2959 590 3040 propinquum,
641 2959 703 3020 Sc
760 2960 825 3020 T
874 2960 1107 3021 circum
1169 2961 1228 3021 S
1280 2958 1703 3043 longinquum
1758 2959 2123 3035 revolvitur,
2172 2983 2418 3024 errores
2463 2983 2663 3045 angu-

143 3055 310 3119 lares
356 3059 637 3140 corporis
695 3061 774 3133 P,
823 3060 905 3121 de
951 3073 1169 3121 centro
1227 3060 1292 3120 T
1325 3073 1723 3141 apparenteS,
1759 3074 1960 3133 erunt,
1995 3062 2058 3122 in
2100 3060 2367 3145 singulis
2413 3060 2662 3124 revolu-

147 3157 427 3220 tionibus
473 3160 754 3239 corporis
800 3158 964 3220 illius
1009 3161 1088 3233 P,
1136 3172 1208 3221 ut
1252 3160 1634 3241 quadratum
1682 3161 1988 3242 temporis
2034 3162 2338 3242 periodici
2384 3163 2666 3244 corporis

143 3259 210 3320 P
269 3260 507 3322 directe
568 3260 630 3322 81
703 3260 1084 3342 quadratum
1144 3261 1450 3342 temporis
1517 3260 1822 3342 periodici
1898 3261 2180 3342 corporis
2260 3261 2327 3323 T
2388 3252 2658 3325 inverse.

149 3359 243 3420 Et
290 3360 439 3422 inde
483 3374 694 3422 motus
740 3361 988 3422 medius
1035 3362 1217 3444 augis
1263 3362 1382 3423 erit
1427 3362 1489 3422 in
1537 3362 1688 3422 data
1719 3362 1963 3424 ratione
1994 3362 2076 3423 ad
2109 3375 2353 3425 motum
2386 3363 2668 3426 medium

149 3460 465 3522 nodorum
489 3485 501 3535 ;
558 3461 620 3522 &
672 3474 883 3523 motus
929 3474 1199 3542 uterque
1244 3462 1365 3523 erit
1415 3474 1487 3522 ut
1539 3474 1793 3543 tempus
1839 3463 2233 3544 periodicum
2280 3463 2562 3546 corporis
2604 3465 2672 3526 P

143 3560 390 3622 directe
446 3560 508 3622 &
560 3562 941 3643 quadratum
995 3561 1301 3643 temporis
1352 3562 1656 3644 periodici
1703 3564 1983 3644 corporis
2042 3564 2107 3625 T
2142 3564 2409 3628 inverse.
2528 3564 2668 3626 Au-

140 3660 367 3744 gendo
411 3659 515 3722 vel
562 3661 909 3724 minuendo
955 3662 1498 3724 excentricitatem
1546 3662 1608 3724 8c
1660 3662 2134 3726 inclinationem
2195 3665 2367 3727 orbis
2425 3665 2493 3726 P
2506 3664 2579 3727 A
2604 3664 2672 3725 B

143 3781 275 3825 non
329 3773 656 3823 mutantur
699 3774 911 3825 motus
956 3761 1138 3846 augis
1186 3761 1248 3824 &
1293 3762 1607 3825 nodorum
1655 3762 2052 3838 sensibiliter,
2101 3764 2221 3828 nisi
2266 3765 2376 3827 ubi
2420 3764 2669 3829 eaedem

149 3873 304 3923 sunt
335 3860 524 3924 nimis
555 3883 824 3946 magnae.
