2852 4250
155 111 174 150 1
189 95 270 151 66
541 88 543 90 ·
974 89 1089 171 Do
1125 88 1243 140 Mo
1251 89 1359 140 TU
1392 85 1695 161 coiveoae
1709 86 1831 137 ΗΜ

311 391 951 454 PROPOSITIO
1029 389 1326 452 LXIII.
1425 384 2003 448 PROBLEMA
2085 383 2471 450 XXXIX.

153 563 502 644 Corporum
538 563 848 636 duorum,
908 584 1048 644 quae
1116 561 1359 623 viribus
1428 558 1740 640 quadrato
1797 556 2118 618 dzktantz'oe
2169 580 2299 620 suae
2354 560 2652 641 reciproce

218 678 802 759 proportionalibus
828 699 889 738 se
917 684 1135 737 mutuo
1168 674 1456 749 trahunt,
1489 673 1675 754 deque
1718 672 1863 733 locis
1890 671 2073 749 datis,
2106 674 2437 736 secundum
2466 675 2649 738 datas

231 799 439 865 rectas,
471 792 639 854 dalis
665 814 803 853 cum
833 789 1249 853 velocitatibus
1278 795 1512 861 exeunt,
1546 786 1961 848 determinare
1988 794 2204 851 motus,

264 964 368 1024 Ex
420 964 585 1024 datis
638 985 973 1044 corporum
1035 962 1312 1024 motibus
1373 961 1493 1022 sub
1556 960 1750 1033 initio,
1813 960 2002 1023 datur
2051 961 2383 1024 uniformis
2436 976 2664 1026 motus·

144 1063 339 1123 centri
401 1062 753 1124 communis
812 1062 1161 1144 gravitatiS,
1210 1076 1280 1123 ut
1327 1061 1388 1123 &
1435 1074 1646 1123 motus
1692 1062 1896 1142 spatii,
1946 1062 2119 1143 quod
2165 1084 2292 1124 una
2337 1085 2481 1125 cum
2527 1064 2648 1126 hoe

148 1174 364 1223 centro
423 1175 718 1223 movetur
776 1162 1173 1224 uniformiter
1232 1163 1294 1224 in
1357 1162 1685 1237 directum,
1750 1183 1867 1223 nec
1928 1183 2055 1224 non
2117 1182 2452 1244 corporum
2512 1186 2646 1226 mo—

141 1246 242 1322 tus
318 1260 586 1323 initiales
648 1276 937 1343 respectu
999 1263 1188 1346 hujus
1248 1262 1453 1344 spatii.
1596 1262 1818 1324 Motus
1894 1276 2108 1324 autem
2183 1263 2648 1346 subsequentes

144 1360 283 1444 (per
340 1360 553 1445 legum
602 1362 996 1426 corollarium
1045 1364 1352 1445 quintum,
1403 1362 1466 1424 &
1511 1362 1842 1425 theorema
1888 1364 2333 1449 novissimum)
2382 1366 2649 1447 perinde

141 1462 299 1524 fiunt
345 1463 406 1524 in
455 1464 574 1526 hoc
627 1465 849 1546 spatio,
913 1487 986 1525 ac
1045 1465 1097 1525 si
1160 1464 1437 1545 spatium
1500 1464 1708 1545 ipsum
1769 1486 1896 1526 una
1957 1487 2100 1526 cum
2161 1467 2481 1528 communi
2543 1465 2649 1529 illo
2742 1498 2749 1506 ’

137 1563 468 1646 gravitatis
531 1579 748 1627 centro
810 1566 1178 1647 quiesceret,
1245 1564 1306 1626 δε
1367 1587 1634 1646 corpora
1696 1586 1822 1627 non
1895 1565 2220 1629 traherent
2279 1590 2348 1629 se
2408 1581 2646 1642 mutuo,

136 1663 251 1724 sed
283 1686 321 1724 a
352 1687 613 1745 corpore
646 1667 831 1728 tertio
878 1666 999 1728 sito
1042 1667 1104 1726 in
1152 1678 1369 1727 centro
1416 1664 1521 1727 illo
1567 1665 1982 1729 traherentur.
2110 1668 2412 1749 Corporis
2460 1669 2652 1752 igitur

137 1762 495 1825 alterutrius
558 1766 619 1826 in
682 1766 801 1828 hoc
862 1767 1069 1847 spatio
1131 1765 1363 1839 mobili,
1429 1766 1511 1828 de
1572 1765 1712 1829 loco
1773 1767 1941 1841 dat0,
2005 1771 2356 1832 secundum
2431 1771 2648 1833 datam

137 1878 388 1936 rectam,
447 1865 596 1926 data
656 1888 799 1927 cum
846 1866 1182 1929 velocitate
1229 1869 1538 1941 exeunti5‚
1589 1868 1651 1930 ἃ
1696 1869 1759 1930 νί
1808 1871 2158 1951 centripeta
2217 1871 2300 1933 ad
2361 1886 2647 1935 centrum

136 1964 287 2026 illud
349 1966 652 2028 tendente
728 1969 1014 2050 correpti,
1094 1969 1617 2030 determinandus
1679 1983 1778 2031 est
1852 1984 2064 2033 motus
2124 1994 2240 2053 per
2313 1972 2650 2054 problema

136 2088 373 2128 nonum
429 2066 489 2127 ἃ
539 2068 908 2130 vicesimum
970 2084 1254 2133 sextum:
1333 2070 1395 2132 &
1455 2071 1794 2133 habebitur
1845 2071 2031 2134 simul
2094 2087 2304 2136 motus
2366 2076 2647 2157 corporis

134 2165 388 2228 alterius
442 2168 673 2229 circum
724 2169 892 2230 idem
949 2185 1250 2234 centrum.
1390 2171 1554 2233 Cum
1610 2171 1731 2233 hoc
1785 2186 1961 2234 motu
2016 2175 2496 2255 componendus
2550 2189 2650 2238 est

134 2268 460 2329 uniformis
494 2267 595 2330 ille
628 2272 991 2351 systematis
1039 2271 1226 2352 spatii
1275 2271 1336 2333 ἃ
1384 2294 1721 2353 corporum
1770 2273 1832 2334 in
1887 2296 1965 2336 eo
2016 2276 2382 2357 gyrantium
2437 2290 2648 2339 motus

134 2370 573 2451 progressivus
606 2394 797 2453 supra
839 2374 1154 2446 inventuS‚
1191 2373 1252 2435 &
1298 2374 1636 2437 habebitur
1681 2389 1892 2438 motus
1938 2376 2266 2439 absolutus
2312 2400 2647 2460 corporum

136 2470 196 2530 in
230 2472 434 2551 spatio
468 2472 788 2535 immobili.
887 2475 1130 2550 QEJ.

417 2775 1061 2862 PROPOfflTJIO
1143 2779 1424 2844 LXIV.
1547 2782 2124 2845 PROBLEMA
2208 2785 2363 2848 XL.

154 2944 411 3006 Viribus
466 2948 690 3027 quibus
750 2958 1008 3030 corpora
1067 2974 1128 3011 se
1188 2961 1406 3015 mutuo
1466 2956 1740 3017 trallunt
1796 2958 2193 3020 crescentibus
2251 2959 2320 3020 in
2377 2960 2655 3041 simplici

202 3059 467 3121 ‘ratione
520 3062 975 3126 distantiarum
1029 3089 1068 3126 a
1124 3070 1353 3131 centris
1372 3097 1390 3132 .·
1459 3072 1886 3153 requiruntur
1926 3082 2128 3136 molus
2162 3075 2468 3156 plurium
2515 3099 2645 3138 cor-

207 3183 447 3255 porum
479 3176 650 3238 inter
673 3202 746 3241 se.

260 3347 585 3411 Ponantur
613 3351 818 3431 primo
851 3375 1114 3435 corpora
1160 3357 1289 3420 duo
1332 3360 1398 3419 Τ
1419 3360 1479 3421 ἃ
1510 3362 1571 3421 L
1607 3384 1944 3426 commune
1986 3364 2286 3427 habentia
2315 3366 2648 3449 gravitatis

137 3462 422 3510 centrum
481 3452 568 3513 D.
698 3453 1079 3517 Describent
1150 3458 1286 3519 haec
1365 3458 1504 3542 (per
1576 3462 1972 3525 corollarium
2047 3466 2322 3547 primum
2398 3466 2647 3530 theore-

139 3551 326 3611 matis
388 3550 529 3636 XXI)
588 3552 840 3635 ellipse—s
902 3571 1117 3618 centra
1162 3559 1471 3622 habentes
1525 3563 1587 3623 in
1648 3565 1735 3636 D,
1799 3587 2068 3646 quarum
2129 3567 2506 3651 magnitudo
2565 3589 2647 3630 ex

135 3649 530 3731 problemate
560 3673 602 3714 v
633 3655 983 3719 innotescit.

255 3750 502 3814 Trahat
523 3754 659 3835 jam
691 3778 918 3838 corpus
951 3757 1205 3819 tertium
1253 3760 1311 3820 S
1350 3762 1561 3841 priora
1606 3763 1734 3826 duo
1793 3766 1858 3826 T
1879 3766 1940 3827 &
1970 3768 2030 3828 L
2067 3768 2307 3831 viribus
2338 3769 2644 3832 accelera-

138 3850 399 3913 tricibus
433 3853 490 3914 S
522 3855 590 3928 T,
626 3856 683 3916 S
702 3857 782 3929 L,
821 3857 881 3918 ἃ
914 3858 995 3918 ab
1028 3858 1180 3940 ipsis
1212 3860 1490 3922 vicissim
1524 3863 1823 3928 trahatur.
1920 3866 2038 3928 Vis
2072 3868 2130 3929 S
2160 3869 2226 3929 Τ
2250 3870 2389 3951 (per
2431 3868 2645 3954 legum
