2846 4224
168 0 352 35 W
463 0 557 14 q-

1101 105 1339 154 LIBER
1370 106 1678 158 PRIMUS
2531 133 2561 192 7
2569 135 2602 193 3

142 270 259 332 ad
288 268 437 340 ΕΒ,
469 267 587 328 hoc
616 279 726 338 est,
758 279 828 326 ut
857 266 1082 327 SCad
1112 267 1270 338 SB,·
1299 267 1360 327 &
1388 268 1659 328 vicissim
1687 269 1911 329 ICad
1943 271 2156 331 SCut
2183 272 2342 332 ΗΒ
2368 275 2448 335 ad
2479 277 2612 337 SB

48 396 79 445 ἑὲ,
179 367 313 430 sive
341 379 412 426 ut
445 362 589 425 GA
631 363 713 423 ad
757 363 815 423 S
830 363 920 423 A.
1016 363 1104 422 Et
1133 362 1314 422 simili
1345 377 1714 444 argumento
1757 366 2117 444 probabitur
2159 389 2297 428 esse
2338 371 2417 428 K
2432 373 2502 429 D
2531 373 2612 432 ad

127 533 134 539 ἡ
180 463 363 526 SD·
348 483 409 522 m
454 460 675 521 eadem
718 459 971 520 ratione
1061 459 1284 538 Jacent
1313 481 1463 541 ergo
1492 473 1723 539 puncta
1750 462 1828 532 B,
1868 463 1932 533 C,
1965 463 2084 521 D
2069 483 2130 522 1n
2162 464 2298 523 coni
2342 467 2614 527 sectione

179 561 338 622 circa
379 556 733 618 umbilicum
780 557 836 616 S
875 557 960 616 ita
1002 555 1326 635 descripta,
1360 570 1429 617 ut
1472 571 1658 618 rectae
1702 579 1934 630 omnes,
1980 559 2061 618 ab
2105 559 2396 620 umbilico
2442 561 2498 620 S
2535 563 2615 622 ad

178 654 421 738 singula
448 653 736 715 sectionis
788 666 1018 732 puncta
1046 654 1265 725 ductae,
1298 655 1422 714 sint
1460 655 1542 714 ad
1572 653 2012 733 perpendicula
2040 676 2079 715 a
2106 656 2352 734 punctis
2396 657 2615 717 iisdem

0 746 13 820 ῐῙ
179 755 259 816 ad
289 766 517 815 rectam
553 752 699 812 GF
717 751 989 811 demissa
1018 751 1079 811 in
1111 751 1258 811 data
1288 749 1390 810 illa
1420 751 1671 812 ratione.

299 849 605 912 Methodo
663 848 829 908 haud
889 846 1150 908 multum
1208 847 1488 908 dissimili
1549 849 1731 930 hujus
1790 847 2189 928 problematis
2248 847 2616 910 solutionem
2744 869 2747 872 ·

185 949 371 1011 tradit
414 946 784 1008 clarissimus
827 959 1149 1028 geometra
1190 947 1262 1006 de
1300 948 1366 1007 la
1408 947 1594 1021 Hire,
1642 947 1993 1007 conicorum
2038 967 2289 1007 suorum
2329 944 2429 1006 lib.
2477 965 2608 1005 v111.

186 1067 356 1127 prop.
392 1065 536 1106 xxv.

1071 1193 1553 1255 SECTIO
1648 1192 1732 1254 V.

650 1322 931 1382 Iuventio
959 1323 1199 1382 orbium
1230 1323 1339 1382 ubi
1362 1322 1686 1382 umbilicus
1713 1330 1928 1381 neuter
1952 1321 2158 1382 datur.

1007 1539 1437 1600 LEMMA
1531 1538 1814 1599 XVII.

187 1665 268 1726 Si
317 1687 358 1725 a
411 1665 574 1724 datae
625 1665 839 1724 conicae
890 1667 1160 1726 sectionis
1203 1674 1436 1746 puncto
1493 1664 1702 1745 quovis
1764 1665 1811 1723 P
1883 1664 1973 1724 ad
2038 1667 2300 1746 trapezii
2360 1667 2625 1748 alicujus

299 1762 361 1822 A
392 1763 440 1822 B
472 1763 532 1823 D
562 1762 632 1836 C,
679 1763 747 1822 in
793 1764 995 1823 conica
1039 1765 1155 1825 illa
1196 1765 1442 1824 sectione
1488 1763 1787 1842 inscripti,
1835 1763 2033 1822 latera
2074 1773 2346 1844 quatuor
2385 1766 2630 1846 infinite

282 1861 696 1940 productas&
728 1862 796 1935 B,
833 1862 884 1922 C
915 1863 995 1936 D,
1031 1862 1093 1921 A
1118 1863 1188 1936 C,
1228 1863 1288 1922 D
1316 1862 1363 1920 B
1412 1861 1654 1920 totidem
1698 1869 1871 1920 rectae
1916 1861 1962 1920 P
1986 1862 2065 1939 Q,
2121 1863 2166 1921 P
2192 1864 2268 1938 R,
2322 1864 2367 1923 P
2390 1863 2457 1938 S,
2495 1865 2541 1923 P
2566 1864 2624 1923 T

297 1958 366 2018 in
423 1958 587 2019 datis
656 1959 906 2039 angulis
975 1960 1302 2034 ducantur,
1361 1959 1626 2039 singulae
1693 1958 1782 2017 ad
1843 1959 2092 2039 singula
2113 1987 2131 2021 .·
2204 1962 2627 2041 rectangulum
2675 1985 2680 1989 ·

298 2055 627 2115 ductarum
670 2057 757 2116 ad
791 2058 1060 2135 opposita
1102 2058 1221 2118 duo
1265 2059 1463 2117 latera
1512 2056 1558 2114 P
1583 2055 1641 2132 Q
1669 2075 1707 2114 ><
1737 2055 1782 2113 P
1809 2056 1884 2129 R,
1914 2058 2035 2116 erit
2073 2058 2163 2117 ad
2201 2059 2626 2137 rectangulum

296 2154 626 2214 ductarum
655 2155 744 2214 ad
764 2155 895 2214 alia
923 2156 1042 2216 duo
1074 2157 1270 2216 latera
1299 2155 1566 2235 opposita
1602 2155 1646 2212 P
1669 2154 1714 2213 S
1742 2173 1780 2212 ><
1810 2153 1855 2210 P
1881 2153 1938 2212 T
1971 2154 2037 2212 in
2067 2154 2214 2213 data
2246 2156 2492 2216 ratione.

303 2305 435 2365 Cas.
495 2326 540 2365 1.
604 2305 914 2365 Ponamus
945 2307 1146 2385 primo
1176 2305 1370 2367 lineas
1402 2305 1481 2365 ad
1513 2304 1800 2383 opposita
1829 2301 2022 2363 latera
2052 2304 2268 2364 ductas
2299 2302 2624 2383 parallelas

0 2474 2 2480 Ι
185 2423 323 2463 esse
374 2401 647 2462 alterutri
701 2402 1075 2483 reliquorum
1126 2403 1403 2474 laterum,
1451 2415 1603 2481 puta
1652 2400 1791 2475 PQ
1847 2400 1906 2459 &
1934 2402 2080 2460 PR
2127 2401 2301 2461 lateri
2354 2401 2422 2460 A
2451 2402 2516 2473 C,
2565 2401 2625 2461 &

0 2515 2 2518 ·
84 2568 89 2574 ,
186 2497 326 2558 PS
350 2520 422 2559 ac
457 2500 521 2558 P
554 2499 618 2559 T
650 2498 823 2559 lateri
883 2501 951 2559 A
977 2502 1055 2561 B.
1177 2502 1442 2580 Sintque
1488 2500 1738 2577 insuper
1780 2496 1973 2558 latera
2016 2499 2141 2559 duo
2185 2520 2264 2558 ex
2308 2499 2623 2577 oppositis,

186 2608 337 2676 puta
365 2596 432 2655 A
469 2596 525 2656 C
566 2596 626 2656 &
654 2598 819 2668 BD,
853 2598 968 2658 sibi
1002 2599 1266 2659 invicem
1298 2594 1603 2677 parallela.
1728 2596 1816 2655 Et
1860 2609 2039 2667 recta,
2074 2618 2214 2676 quae
2254 2597 2489 2656 bisecat
2518 2617 2624 2675 pa-

188 2691 396 2754 rallela
441 2692 541 2754 illa
584 2693 791 2766 latera,
825 2696 941 2757 erit
984 2718 1108 2756 una
1151 2718 1230 2757 ex
1261 2695 1579 2756 diametris
1624 2693 1853 2754 conicae
1898 2694 2203 2765 sectioniS,
2239 2693 2299 2753 &
2328 2694 2628 2754 bisecabit

189 2790 374 2851 etiam
418 2792 578 2866 RQ.
700 2792 799 2853 Sit
860 2795 917 2854 O
966 2808 1263 2873 punctum
1325 2796 1385 2854 in
1513 2830 1549 2871 0

189 2908 314 2967 quo
370 2889 514 2963 RQ
574 2889 895 2962 bisecatur‚
951 2891 1011 2951 &
1078 2892 1193 2952 erit
1249 2893 1391 2952 ΡΟ

187 2985 514 3046 ordinatim
559 2986 867 3067 applicata
895 2989 975 3049 ad
1018 2990 1387 3051 diametrum

194 3080 372 3144 illam.
498 3084 739 3146 Produc
782 3088 924 3147 PO
968 3088 1049 3147 ad
1077 3090 1165 3160 K,
1198 3102 1267 3149 ut
1310 3091 1390 3149 sit

195 3180 346 3241 OK
381 3181 636 3262 aequalis
679 3185 826 3255 ΡΟ,
862 3184 921 3245 8ι
952 3186 1068 3245 erit
1116 3186 1260 3247 OK
1292 3210 1386 3248 or-

0 3278 4 3361 l
189 3275 447 3337 dinatim
530 3279 840 3360 applicata
901 3283 982 3343 ad
1055 3285 1389 3345 contrarias

0 3384 2 3386 ’
189 3387 395 3453 partes
418 3375 717 3439 diametri.
770 3379 930 3439 Cum
955 3380 1141 3462 igitur
1161 3396 1391 3461 puncta

188 3470 277 3543 A,
321 3472 399 3544 B,
444 3474 509 3533 P
566 3474 627 3535 &
682 3475 764 3535 K
813 3477 938 3538 sint
987 3478 1067 3538 ad
1112 3481 1386 3540 conicam

191 3569 547 3643 sectionem,
594 3571 655 3633 &
704 3574 870 3634 PK
904 3588 1073 3636 secet
1121 3578 1190 3636 A
1218 3578 1283 3637 B
1327 3578 1387 3638 in

193 3664 343 3726 dato
400 3667 645 3749 angulo,
706 3671 822 3731 erit
876 3670 1012 3753 (per
1052 3694 1225 3753 prop.
1299 3692 1386 3753 17,

199 3780 286 3838 19,
336 3783 405 3824 21
459 3765 519 3826 &
566 3787 641 3845 23
687 3766 786 3830 lib.
846 3755 996 3831 111..
1033 3772 1385 3833 conicorum
