2852 4250
1074 130 1310 179 LIBER
1345 125 1758 183 SECUNDUS.
2513 165 2627 224 355

330 292 404 351 In
446 287 695 361 scholi0‚
741 289 911 369 quod
955 291 1210 351 sectioni
1255 303 1450 351 sextae
1502 293 1893 373 subjunctum
1937 310 2046 370 est,
2093 303 2472 365 ostendimus
2522 329 2633 386 per

210 387 634 468 experimenta
675 384 1086 465 pendulorum
1118 389 1287 466 quod
1328 387 1655 468 globorum
1699 390 2028 471 aequalium
2073 394 2133 455 81
2168 383 2631 476 aequivelocium

211 487 274 547 in
316 494 474 556 aere,
506 503 683 562 aqua,
718 482 778 542 &
807 496 1066 563 argento
1096 484 1245 544 vivo
1275 498 1584 545 motorum
1628 488 1991 550 resistentiae
2021 505 2165 552 sunt
2194 507 2265 553 ut
2304 495 2629 559 fluidorum

207 582 561 644 densitates.
657 579 834 639 Idem
893 580 991 639 hic
1037 581 1423 640 ostendimus
1471 582 1670 662 magis
1717 599 1998 647 accurate
2054 609 2167 666 per
2213 594 2632 669 experimenta

208 698 533 758 corporum
576 675 927 736 cadentium
973 677 1034 735 in
1079 686 1222 737 ae‘re
1268 676 1329 736 δε
1372 698 1548 757 aqua.
1646 679 1813 740 Nam
1857 683 2127 761 pendula
2168 687 2425 767 singulis
2461 692 2631 751 oscil-

206 774 535 837 lationibus
593 785 831 833 motum
881 773 1045 833 cient
1103 773 1164 832 in
1223 773 1414 835 fluido
1465 776 1658 836 motui
1716 778 1967 855 penduli
2026 782 2338 844 redeuntis
2389 806 2634 866 semper

114 908 120 913 -
206 872 591 941 contrarium,
626 869 687 929 &
730 868 1080 929 resistentia
1122 871 1201 929 ab
1246 871 1363 931 hoc
1407 884 1578 932 motu
1625 875 1899 949 oriunda,
1943 889 2011 936 ut
2056 878 2115 937 &
2159 881 2506 941 resistentia
2548 882 2631 943 fili

205 991 330 1050 quo
380 965 718 1049 pendulum
761 967 1271 1045 suspendebatur,
1318 980 1513 1028 totam
1565 971 1819 1048 penduli
1871 974 2281 1035 resistentiam
2334 979 2630 1059 majorem

205 1066 606 1129 reddiderunt
635 1085 823 1144 quam
867 1065 1216 1125 resistentia
1246 1087 1387 1145 quae
1430 1088 1542 1146 per
1585 1070 2008 1147 experimenta
2046 1093 2371 1151 corporum
2402 1076 2623 1136 caden-

205 1164 359 1224 tium
403 1162 644 1242 prodiit.
765 1161 1019 1221 Etenim
1071 1184 1183 1241 per
1226 1166 1651 1243 experimenta
1693 1168 2101 1245 pendulorum
2148 1171 2207 1229 in
2253 1171 2484 1233 scholio
2530 1173 2632 1234 illo

205 1261 502 1340 exposita,
546 1257 770 1340 globus
814 1258 1094 1339 ejusdem
1139 1261 1462 1322 densitatis
1507 1284 1646 1322 cum
1691 1285 1867 1343 aqua,
1914 1266 2321 1327 describendo
2366 1268 2630 1349 longitu-

207 1358 415 1418 dinem
445 1356 885 1417 semidiametri
930 1377 1060 1416 suae
1106 1358 1167 1416 in
1212 1368 1371 1430 aere,
1403 1360 1686 1420 amittere
1716 1362 1971 1422 deberet
2011 1375 2214 1423 motus
2257 1364 2351 1423 sui
2395 1378 2633 1443 partem

205 1473 353 1540 wlff.
462 1456 555 1515 At
600 1476 713 1534 per
757 1454 1059 1515 theoriam
1092 1456 1152 1515 in
1201 1457 1316 1517 hac
1346 1459 1610 1536 septima
1653 1460 1925 1519 sectione
1955 1461 2298 1539 expositam
2346 1462 2405 1522 δε
2448 1485 2631 1542 expe-

207 1554 482 1619 rimentis
505 1553 859 1614 cadentium
883 1552 1309 1614 confirmatam
1331 1554 1555 1635 globus
1576 1556 1740 1616 idem
1761 1556 2167 1616 describendo
2185 1556 2634 1638 longitudinem

206 1652 468 1713 eandem
541 1650 824 1710 amittere
887 1650 1166 1711 deberet*
1203 1666 1407 1713 motus
1466 1654 1558 1713 sui
1632 1667 1870 1732 partem
1929 1666 2168 1714 tantum
2225 1672 2374 1736 Bag-6,
2435 1659 2636 1735 posito

206 1749 375 1830 quod
404 1748 679 1809 densitas
709 1767 890 1826 aquae
920 1747 1001 1807 sit
1029 1748 1109 1807 ad
1140 1749 1512 1810 densitatem
1544 1752 1701 1811 ae’ris
1732 1764 1800 1810 ut
1831 1754 1954 1811 860
1983 1752 2062 1810 ad
2103 1773 2147 1812 1.
2244 1753 2636 1814 Resistentiae

206 1848 391 1930 igitur
432 1868 546 1927 per
572 1846 997 1925 experimenta
1040 1848 1450 1926 pendulorum
1488 1850 1752 1930 majores
1796 1850 2080 1928 prodiere
2115 1850 2219 1932 (ob
2250 1872 2465 1912 causas
2500 1854 2631 1934 jam

203 1943 566 2026 descriptas)
630 1964 818 2023 quam
879 1964 991 2022 per
1040 1946 1468 2024 experimenta
1523 1945 1849 2026 globorum
1902 1948 2268 2018 cadentium,
2324 1950 2513 2028 idque
2572 1952 2632 2010 in

207 2044 444 2104 ratione
473 2063 513 2118 4
556 2042 637 2102 ad
686 2061 718 2119 3
757 2041 1009 2102 circiter.
1103 2042 1406 2103 Attamen
1452 2065 1590 2103 cum
1635 2042 2042 2122 pendulorum
2088 2044 2149 2103 in
2194 2055 2351 2116 ae‘re,
2383 2067 2545 2124 aqua
2576 2047 2635 2107 ἃ

206 2153 464 2222 argento
521 2140 670 2200 vivo
727 2137 1137 2200 oscillantium
1211 2142 1575 2201 resistentiae
1648 2163 1685 2201 a
1748 2142 1945 2201 causis
2003 2140 2301 2201 similibus
2359 2142 2636 2203 similiter

206 2251 563 2319 augeantur,
589 2237 906 2316 proportio
930 2237 1415 2297 resistentiamm
1448 2239 1508 2297 in
1541 2238 1634 2297 his
1663 2238 1898 2309 mediiS,
1924 2250 2050 2297 tam
2081 2259 2192 2316 per
2214 2240 2635 2317 experimenta

206 2334 634 2417 pendulorum,
666 2355 853 2414 quam
898 2354 1010 2412 per
1044 2336 1470 2413 experimenta
1513 2356 1835 2414 corporum
1880 2334 2245 2405 cadentium,
2278 2336 2426 2395 satis
2470 2349 2635 2397 recte

206 2434 609 2495 exhibebitur.
734 2432 821 2491 Et
879 2432 1024 2492 inde
1083 2431 1364 2492 concludi
1436 2444 1644 2510 potest
1701 2432 1867 2510 quod
1917 2453 2255 2510 -corporum
2314 2433 2374 2491 in
2434 2431 2635 2492 fluidis

207 2532 675 2612 quibuscunque
719 2528 1095 2589 fluidissimis
1141 2541 1448 2590 motorum
1494 2528 1871 2598 resistentiae‚
1919 2528 2154 2587 caeteris
2198 2528 2462 2606 paribus,
2494 2541 2639 2588 sunt

207 2640 276 2689 ut
303 2626 642 2688 densitates
672 2624 1016 2687 fluidorum.
2096 2687 2099 2690 ⁴

322 2726 446 2786 His
477 2727 563 2786 ita
591 2724 890 2797 stabilitis,
924 2726 1130 2786 dicere
1151 2726 1283 2806 jam
1324 2723 1466 2785 licet
1496 2745 1829 2803 quamnam
1861 2736 2065 2784 motus
2096 2725 2190 2783 sui
2234 2738 2471 2803 partem
2500 2725 2631 2805 glo-

205 2823 323 2883 bus
374 2821 648 2902 quilibet,
704 2823 765 2882 in
817 2823 1009 2883 fluido
1061 2842 1431 2902 quocunque
1490 2823 1812 2901 projectuS‚
1867 2822 2014 2882 dato
2066 2834 2344 2900 tempore
2394 2824 2635 2883 amittet

208 2921 690 3000 quamproxime.
783 2920 882 2981 Sit
930 2921 992 2980 D
1038 2920 1340 2979 diameter
1381 2916 1565 2998 globi,
1600 2917 1660 2977 &
1697 2919 1755 2976 V
1787 2917 2082 2979 velocitas
2127 2919 2258 2999 ejus
2303 2920 2418 2979 sub
2463 2921 2635 2980 initio

123 3028 126 3031 '
207 3029 428 3091 motuS,
483 3016 543 3077 &
596 3017 655 3075 T
708 3028 971 3095 tempuS,
1026 3037 1151 3095 quo
1201 3013 1424 3095 globus
1475 3012 1803 3075 velocitate
1856 3017 1915 3075 V
1970 3017 2030 3076 in
2082 3038 2280 3077 vacuo
2331 3018 2635 3078 describet

206 3114 488 3193 spatium,
514 3113 683 3192 quod
707 3113 787 3173 sit
807 3114 888 3173 ad
912 3114 1180 3192 spatium
1203 3128 1237 3193 {³5
1264 3113 1326 3172 D
1351 3124 1420 3172 ut
1441 3112 1715 3172 densitas
1737 3111 1907 3193 globi
1931 3114 2010 3173 ad
2034 3114 2405 3174 densitatem
2424 3114 2593 3173 fluidi
2622 3137 2633 3174 :

193 3211 270 3272 '&
313 3210 536 3293 globus
588 3212 651 3272 in
701 3198 892 3272 fluido
943 3209 1046 3271 illo
1104 3212 1431 3291 projectuS,
1485 3222 1766 3289 tempore
1839 3210 2060 3290 quovis
2111 3210 2230 3271 alio
2282 3219 2322 3282 t,
2397 3211 2636 3270 amittet

206 3388 548 3452 velocitatis
597 3411 729 3451 suae
787 3402 1027 3470 partem
1077 3335 1276 3502 'Tg-J]
1303 3435 1317 3461 ,
1354 3400 1643 3447 manente
1700 3401 1875 3467 parte
1930 3337 2166 3504 ἸῖΓΣ-Ῐί,
2222 3389 2281 3448 Sc
2332 3388 2635 3449 describet

207 3536 493 3614 spatium,
525 3536 694 3616 quod
731 3535 819 3595 sit
861 3535 942 3594 ad
985 3533 1255 3612 spatium
1299 3533 1587 3593 uniformi
1631 3531 1957 3594 velocitate
2000 3534 2059 3591 V
2091 3532 2312 3593 eodem
2355 3544 2631 3610 tempore

209 3713 583 3794 descriptum
637 3716 697 3775 in
749 3735 963 3785 vacuo,
1013 3724 1082 3772 ut
1131 3710 1536 3792 logarithmus
1584 3712 1820 3771 numeri
1849 3659 1976 3817 Tril-
1996 3666 2023 3717 t

2043 3707 2472 3788 multiplicatus
2524 3727 2634 3785 per
