2852 4250
1041 99 1279 161 LIBER
1333 99 1757 151 SECUNDUS.
2509 130 2541 169 2
2550 131 2629 193 39

1243 332 1575 393 Scholium.

306 507 633 577 Caeterum,
707 503 1121 565 resistentiam
1192 524 1520 582 corporum
1593 524 1732 563 esse
1812 503 1874 562 in
1955 504 2193 566 ratione
2263 505 2624 579 velocitati5‚

190 603 552 685 hypothesis
587 615 684 663 est
726 601 924 682 magis
968 599 1406 659 mathematica
1449 622 1637 679 quam
1682 599 1990 663 naturalis
2085 602 2159 661 In
2205 603 2439 675 mediis,
2486 627 2626 683 quae

155 700 392 783 'rigore
431 700 599 762 omni
643 711 882 769 vacant,
930 697 1295 757 resistentiae
1347 718 1674 776 corporum
1718 711 1864 758 sunt
1916 699 1977 758 in
2029 698 2341 778 duplicata
2392 702 2628 761 ratione

189 798 602 860 velocitatum.
739 795 993 855 Etenim
1079 794 1322 854 actione
1393 795 1666 873 corporis
1746 794 2071 856 velocioris
2145 798 2631 858 communicatur

126 894 132 899 ’
187 896 391 958 eidem
450 894 637 955 medii
696 891 1039 973 quantitati,
1100 905 1381 971 tempore
1440 893 1691 963 minore,
1754 906 1959 954 motus
2019 894 2216 975 major
2273 895 2335 954 in
2393 897 2630 957 ratione

187 993 436 1075 majoris
492 990 835 1053 velocitatis
857 1015 869 1063 ;
944 989 1211 1068 ideoque
1268 1002 1549 1068 tempore
1616 989 1860 1069 aequali‚
1925 992 2007 1051 ob
2076 992 2372 1071 majorem
2442 994 2628 1053 medii

188 1092 596 1172 quantitatem
646 1089 1086 1168 perturbatam,
1136 1087 1624 1147 communicatur
1666 1101 1871 1148 motus
1917 1088 1978 1147 in
2029 1087 2341 1167 duplicata
2392 1091 2629 1151 ratione

186 1189 414 1269 major;
469 1199 688 1266 estque
734 1186 1083 1246 resistentia
1130 1184 1276 1266 (per,
1322 1198 1526 1245 motus
1577 1184 1695 1266 leg.
1750 1206 1795 1245 11
1830 1185 1890 1245 8c
1933 1183 2028 1267 111)
2079 1198 2149 1245 ut
2213 1199 2417 1247 motus
2462 1209 2627 1248 com-

187 1285 546 1346 municatus,
665 1283 1009 1344 Videamus
1068 1282 1255 1364 igitur
1311 1281 1525 1362 quales
1584 1283 1860 1343 oriantur
1916 1295 2121 1343 motus
2180 1304 2259 1343 ex
2318 1283 2432 1345 hac
2489 1283 2629 1366 lege

189 1382 570 1443 reslstentiae.

1099 1674 1526 1735 SECTIO
1606 1675 1716 1737 ΙΙ.

183 1845 284 1903 De
309 1850 475 1904 motu
516 1850 838 1923 corporum
866 1843 1084 1923 quibus
1127 1843 1441 1903 resistitur
1480 1843 1548 1903 in
1591 1842 1905 1921 duplicata
1948 1843 2187 1904 ratione
2233 1844 2625 1905 velocitatum.

532 2201 1158 2263 PROPOSITIO
1234 2202 1318 2262 V.
1435 2200 2034 2263 THEOREMA
2116 2202 2265 2262 ΙΙΙ.

188 2380 244 2440 S
241 2380 270 2439 i
312 2375 556 2456 corpori
607 2375 921 2436 resistitur
973 2374 1043 2434 in
1093 2373 1422 2434 velocitatis
1478 2374 1718 2433 ratione
1763 2373 2092 2453 duplicata,
2158 2375 2239 2438 &³
2293 2372 2448 2433 idem
2503 2373 2630 2433 sola

267 2489 336 2550 vi
368 2488 556 2548 insita
586 2495 717 2566 per
771 2486 1037 2547 medium
1091 2485 1372 2546 similare
1415 2493 1729 2554 movetur,·
1780 2468 2049 2564 tempora
2099 2507 2235 2545 vero
2296 2493 2634 2546 sumantur
2682 2485 2686 2489 ’

267 2602 336 2663 in
351 2598 775 2680 progressione
787 2597 1148 2678 geometrica
1178 2618 1218 2656 a
1247 2597 1588 2657 minoribus
1617 2596 1897 2657 terminis
1924 2596 2012 2656 ad
2033 2596 2293 2675 majores
2305 2604 2595 2676 pergente
2611 2622 2630 2657 .·

265 2713 394 2773 dico
442 2711 608 2792 quod
649 2709 980 2771 velocitates
1031 2708 1213 2768 initio
1262 2709 1654 2789 singulorum
1711 2716 2048 2787 temporum
2103 2715 2253 2767 sunt
2306 2707 2375 2766 in
2431 2706 2628 2766 eadem

251 2823 672 2905 progressione
698 2822 1056 2903 geometm'ca
1106 2822 1340 2882 inverse
1353 2847 1377 2892 ,·
1432 2823 1513 2887 <⁰9³
1547 2821 1714 2902 quod
1751 2821 1951 2901 spatia
1996 2827 2146 2881 sunt
2188 2821 2467 2900 aequalia,
2499 2841 2634 2900 quoe

265 2935 533 3018 singulis
560 2934 923 3013 temporibus
950 2934 1392 2995 describuntur.

301 3161 470 3221 Nam
528 3159 823 3240 quoniam
868 3158 1173 3239 quadrato
1224 3155 1571 3219 velocitatis
1622 3154 2098 3236 proportionalis
2144 3168 2240 3216 est
2283 3155 2631 3216 resistentia

186 3260 391 3333 medii,
430 3259 491 3320 8ζ
541 3257 908 3320 resistentiae
952 3254 1412 3337 proportionale
1463 3266 1561 3315 est
1617 3254 2082 3314 decrementum
2134 3251 2477 3314 velocitatis
2499 3277 2511 3325 3
2577 3252 2629 3311 si

0 3338 37 3470 ξ
186 3371 433 3438 tempus
485 3357 547 3417 in
598 3353 929 3436 particulas
982 3355 1335 3415 innumeras
1386 3350 1659 3433 aequales
1723 3352 2053 3422 dividatur,
2108 3350 2411 3430 quadrata
2459 3346 2626 3409 velo-

187 3454 441 3516 citatum
520 3451 778 3535 singulis
858 3465 1208 3532 temporum
1282 3450 1470 3511 initiis
1543 3461 1724 3510 erunt
1804 3447 2202 3510 velocitatum
2291 3445 2627 3507 earundem

0 3587 19 3635 'r
186 3552 548 3613 differentiis
578 3549 1074 3632 proportionalia.
1166 3549 1370 3611 Sunto
1400 3548 1697 3628 temporis
1733 3544 2047 3627 particulae
2079 3544 2198 3605 illae
2241 3545 2309 3604 A
2333 3544 2420 3624 K,
2451 3543 2532 3602 K
2546 3542 2624 3612 L,

0 3645 20 3721 {2
187 3650 246 3710 L
272 3650 373 3723 M,
424 3648 534 3710 &e
591 3649 653 3709 in
706 3660 872 3709 recta
927 3647 985 3708 C
1000 3649 1071 3708 D
1127 3659 1409 3727 sumptae,
1464 3646 1526 3707 &
1582 3646 1898 3727 erigantur
1953 3639 2393 3723 perpendicula
2447 3639 2515 3698 A
2543 3638 2624 3710 B,

0 3743 15 3831 ζ
187 3748 267 3807 K
279 3747 335 3819 k,
395 3747 521 3818 Ll,
581 3746 675 3806 M
688 3767 765 3818 m,
844 3745 954 3808 &e
1030 3742 1388 3825 hyperbolae
1459 3745 1525 3804 B
1544 3744 1640 3804 kl
1654 3764 1716 3803 m
1745 3732 1826 3815 G,'
1880 3753 2091 3802 centro
2155 3739 2212 3800 C
2261 3735 2626 3817 asymptotis

0 3846 13 3884 r
