2852 4250
1040 57 1288 149 LIBER*
1316 97 1650 148 TERTIUS,
2438 128 2509 184 41
2525 127 2555 186 5
2603 167 2605 169 .

46 276 59 350 ᾖ.
143 258 163 299 ·'
250 261 392 343 Jam
435 281 576 322 curn
611 257 747 342 (per
788 256 970 319 corol.
1007 277 1040 335 3
1089 279 1262 338 prop.
1297 278 1404 319 XCI
1449 257 1550 320 lib.
1593 258 1649 340 1)
1697 261 1968 340 gravitas
2012 263 2073 323 in
2120 265 2344 328 canalis
2390 290 2561 331 crure

137 360 375 425 utrovis
421 359 490 418 A
519 358 576 418 C
584 378 670 441 ca
715 354 817 416 vel
867 356 924 429 Q
950 356 1005 415 C
1016 377 1100 435 cq
1143 355 1223 415 sit
1267 369 1337 415 ut
1385 356 1676 416 distantia
1717 356 1989 418 locorum
2019 382 2057 420 a
2099 376 2306 424 centro
2340 361 2558 440 'terrae;

42 469 51 536 ᾗ
138 458 192 518 si
222 477 397 517 crura
439 452 541 514 illa
583 451 1023 532 superficiebus
1054 453 1421 512 transversis
1453 452 1513 512 &
1542 453 2563 540 aequidistantibusdistinguantur

138 555 201 615 in
246 565 453 632 partes
488 550 635 611 totis
681 547 1188 628 proportionales,
1236 561 1415 608 erunt
1465 550 1740 629 pondera
1778 553 2042 629 partium
2082 555 2456 635 singularum
2502 559 2563 618 in

139 671 315 713 crure
355 648 424 710 A
453 649 607 708 Cea
649 645 730 707 ad
775 645 1054 724 pondera
1099 644 1366 723 partium
1413 645 1672 706 totidem
1720 647 1780 706 in
1826 670 1999 709 crure
2044 650 2249 723 altero,
2282 665 2351 711 ut
2395 675 2562 734 mag-

138 747 449 810 nitudines
491 745 551 806 &
588 744 928 825 gravitates
974 741 1428 803 acceleratrices
1476 745 1881 824 conjunctim;
1929 748 1991 807 id
2038 761 2146 820 est,
2201 762 2270 808 ut
2326 771 2430 810 101
2485 753 2564 810 ad

4 852 30 919 ζ’·
110 865 264 930 ,100
312 843 373 904 &
427 860 548 920 500
598 840 679 900 ad
728 857 864 917 501,
911 838 1029 899 hoc
1080 852 1190 911 est,
1244 852 1314 899 ut
1368 857 1482 916 505
1538 841 1619 900 ad
1675 833 1808 918 501.
1917 846 2017 904 Ac
2067 846 2324 924 proinde
2374 848 2424 906 si
2471 849 2565 908 vis

2 942 13 950 ’
139 941 482 1021 centrifuga
523 938 715 1018 partis
745 938 1044 1018 cujusque
1091 937 1153 996 in
1201 959 1375 998 crure
1405 939 1472 996 A
1504 940 1655 998 Cca
1698 962 1776 1000 ex
1823 954 1992 1002 motu
2041 943 2260 1003 diurno
2307 945 2565 1005 oriunda

43 1060 54 1068 ·
136 1041 353 1102 fuisset
393 1037 476 1097 ad
522 1035 769 1115 pondus
820 1034 1013 1113 partis
1064 1034 1343 1115 ejusdem
1395 1048 1464 1095 ut
1515 1056 1555 1112 4
1606 1037 1686 1096 ad
1735 1056 1869 1115 505,
1916 1062 1991 1100 eo
2044 1052 2111 1100 ut
2162 1041 2241 1100 de
2292 1043 2565 1120 pondere

28 1186 33 1189 »
135 1135 327 1218 partis
385 1135 697 1216 cujusque,
758 1132 820 1192 in
879 1144 1086 1210 partes
1149 1150 1264 1209 505
1328 1133 1543 1205 diviso,
1598 1147 1805 1213 partes
1864 1149 2127 1215 quatuor
2182 1138 2563 1214 detraheret;

138 1245 460 1296 manerent
516 1230 795 1311 pondera
845 1230 907 1288 in
959 1241 1223 1308 utroque
1274 1251 1448 1290 crure
1500 1231 1774 1310 aequalia,
1830 1233 1889 1292 Sc
1939 1246 2264 1312 propterea
2314 1236 2567 1298 fluidum

139 1331 503 1394 consisteret
549 1329 609 1388 in
657 1325 1016 1407 aequilibrio,
1109 1326 1346 1386 Verum
1393 1328 1490 1387 vis
1538 1329 1878 1409 centrifuga
1923 1331 2111 1407 partis
2152 1333 2446 1411 cujusque
2476 1348 2571 1394 est

139 1429 222 1491 ad
250 1427 496 1508 pondus
527 1425 806 1507 ejusdem
838 1436 905 1483 ut
958 1444 980 1482 1
1033 1423 1113 1482 ad
1148 1427 1283 1500 289,
1318 1424 1436 1484 hoc
1480 1439 1592 1500 est,
1625 1427 1721 1485 vis
1766 1427 2106 1507 centrifuga
2136 1449 2274 1506 quae
2319 1429 2572 1491 deberet

139 1547 280 1588 esse
329 1524 623 1604 ponderis
674 1544 817 1602 pars
867 1521 969 1587 '3‘3‘3
1026 1533 1123 1581 est
1173 1533 1414 1581 tantum
1473 1544 1614 1601 pars
1672 1523 1786 1587 ῖὲ-ῑῑ.
1901 1523 1988 1582 Et
2044 1536 2369 1602 propterea
2418 1526 2571 1598 dico,

141 1622 482 1685 secundum
541 1618 820 1701 regulam
878 1641 1145 1690 auream,
1201 1620 1370 1699 quod
1429 1621 1480 1679 si
1539 1620 1636 1680 vis
1703 1619 2045 1700 centrifuga
2108 1619 2211 1685 ῖὲ-ὅ-
2271 1621 2454 1682 saciat
2508 1636 2576 1683 ut

62 1796 66 1801 ι
141 1720 403 1784 altitudo
452 1740 633 1799 aquae
685 1718 747 1778 in
800 1738 975 1777 crure
1024 1717 1092 1775 A
1124 1716 1179 1776 C
1191 1739 1276 1776 ca
1326 1730 1578 1796 superet
1628 1716 2016 1777 altitudinem
2067 1739 2245 1797 aquae
2298 1719 2358 1778 in
2406 1741 2577 1780 crure

148 1819 205 1896 Q
229 1819 285 1880 C
296 1839 381 1898 cq
409 1829 585 1897 parte
628 1815 968 1877 centesima
1013 1815 1204 1875 totius
1251 1813 1591 1875 altitudinis
1620 1838 1631 1875 ε
1677 1815 1772 1875 vis
1804 1814 2145 1895 centrifuga
2172 1815 2275 1879 ῑ-ἒτ
2302 1816 2483 1876 faciet
2510 1830 2579 1877 ut

144 1938 434 1979 excessus
491 1913 832 1975 altitudinis
892 1913 954 1973 in
1008 1934 1183 1974 crure
1230 1914 1297 1972 A
1331 1914 1387 1974 C
1396 1935 1482 1973 ca
1532 1914 1613 1973 sit
1670 1912 2008 1973 altitudinis
2057 1914 2117 1972 in
2166 1936 2337 1974 crure
2387 1914 2577 1975 altero

86 2082 89 2083 ⁷
146 2016 203 2092 Q
230 2016 287 2077 C
294 2037 379 2095 cq
408 2035 550 2094 pars
581 2024 821 2073 tantum
850 2009 968 2076 27¹3.
1064 2011 1184 2071 Est
1229 2012 1414 2093 igitur
1456 2012 1758 2072 diameter
1800 2023 1979 2070 terrae
2009 2012 2345 2071 secundum
2377 2033 2577 2090 aequa-

142 2128 341 2177 torem
371 2112 451 2173 ad
483 2112 676 2191 ipsius
707 2111 1077 2170 diametrum
1122 2131 1234 2189 per
1262 2109 1438 2189 polos
1479 2122 1548 2169 ut
1598 2130 1718 2186 230
1762 2109 1842 2168 ad
1890 2129 2024 2183 229.
2120 2109 2395 2187 Ideoque
2438 2131 2576 2168 cum

144 2226 325 2274 terrae
382 2209 843 2271 semidiameter
900 2208 1242 2278 mediocriS‚
1289 2209 1471 2287 juxta
1522 2228 1871 2267 mensuram
1918 2207 2176 2278 Pz‘carlz',
2226 2208 2306 2266 sit
2347 2207 2576 2285 pedum

150 2308 587 2370 Parisiensium
641 2309 982 2384 19615800,
1016 2328 1125 2366 seu
1156 2305 1501 2365 milliarium
1551 2326 1663 2382 392
1677 2310 1812 2382 3‚16
1863 2304 2086 2385 (posito
2117 2305 2282 2383 quod
2323 2303 2576 2364 milliare

147 2407 229 2467 sit
274 2427 564 2467 mensura
610 2404 842 2484 pedum
895 2404 1080 2486 5000)
1116 2417 1278 2464 terra
1324 2402 1502 2464 altior
1548 2404 1662 2463 erit
1707 2403 1786 2462 ad
1838 2415 2212 2481 aequatorem
2265 2425 2448 2482 quam
2495 2403 2576 2462 ad

148 2503 324 2586 polos
356 2525 615 2565 excessu
648 2503 879 2583 pedum
913 2506 947 2562 8
958 2519 1135 2580 5472,
1169 2524 1278 2562 seu
1311 2500 1636 2561 milliarum
1683 2501 1837 2578 171—10:
1933 2501 2019 2559 Et
2048 2498 2304 2559 altitudo
2336 2501 2465 2580 ejus
2496 2500 2575 2558 ad

149 2615 528 2683 aequatorem
587 2602 704 2663 erit
770 2604 1098 2679 19658600
1155 2599 1387 2679 pedum
1446 2599 1695 2670 circiter,
1759 2598 1818 2658 &
1875 2598 1954 2657 ad
2013 2596 2187 2677 polos
2255 2613 2576 2674 19573000

150 2701 395 2784 pedum.

263 2800 333 2861 Si
376 2797 627 2879 planeta
656 2798 854 2880 major
899 2798 979 2859 sit
1008 2795 1108 2858 vel
1158 2796 1359 2856 minor
1388 2817 1573 2875 quam
1605 2807 1766 2855 terra
1795 2807 2083 2854 manente
2114 2795 2243 2875 ejus
2274 2794 2578 2854 densitate

149 2918 223 2958 ac
278 2909 559 2976 tempore
616 2895 933 2975 periodico
991 2893 1391 2955 revolutionis
1458 2894 1709 2964 diurnae,
1771 2893 2043 2952 manebit
2106 2893 2421 2971 proportio
2485 2892 2580 2950 vis

139 2995 510 3076 vcentrifugae
567 2995 649 3054 ad
720 2994 1109 3075 gravitatem,
1173 2993 1233 3052 8c
1290 3004 1618 3071 propterea
1682 2992 1956 3051 manebit
2011 2991 2196 3050 etiam
2267 2990 2581 3068 proportio

151 3091 433 3153 diametri
486 3093 645 3153 inter
694 3090 871 3172 polos
923 3092 1003 3151 ad
1055 3091 1426 3149 diametrum
1485 3090 1825 3149 secundum
1877 3100 2269 3167 aequatorem.
2382 3087 2474 3145 At
2529 3087 2580 3144 si

152 3201 356 3250 motus
428 3189 683 3249 diurnus
757 3189 820 3248 in
891 3189 1129 3248 ratione
1188 3208 1556 3265 quacunque
1628 3184 1999 3246 acceleretur
2054 3184 2154 3245 vel
2226 3184 2578 3260 retardetur,

155 3286 481 3367 augebitur
528 3285 629 3346 vel
682 3287 992 3346 minuetur
1040 3286 1137 3346 vis
1196 3285 1539 3365 centrifuga
1597 3286 1656 3344 in
1709 3283 2018 3363 duplicata
2069 3282 2169 3342 illa
2219 3282 2469 3356 ratione,
2524 3281 2582 3340 &

155 3395 484 3462 propterea
524 3384 871 3444 differentia
915 3384 1356 3443 diametrorum
1403 3382 1732 3462 augebitur
1759 3381 1858 3442 vel
1906 3383 2213 3441 minuetur
2256 3381 2315 3439 in
2365 3380 2580 3440 eadem

158 3478 469 3559 duplicata
519 3482 756 3542 ratione
808 3481 1292 3560 quamproxime.
1408 3480 1496 3539 Et
1546 3480 1597 3538 si
1650 3479 1922 3539 densitas
1974 3477 2237 3557 planetae
2288 3487 2583 3554 augeatur

0 3610 2 3666 ;
56 3598 59 3602 ’
157 3575 259 3636 vel
310 3576 620 3637 minuatur
678 3578 740 3637 in
799 3578 1036 3637 ratione
1087 3577 1322 3656 quaviS‚
1374 3577 1648 3657 gravitas
1707 3577 1892 3636 etiam
1951 3576 2011 3634 in
2072 3575 2269 3652 ipsum
2322 3572 2579 3631 tendens

158 3675 485 3755 augebitur
510 3673 612 3735 vel
643 3675 953 3734 minuetur
999 3675 1060 3734 in
1102 3674 1321 3734 eadem
1368 3674 1621 3748 ratione,
1657 3673 1716 3732 &
1762 3672 2104 3732 differentia
2147 3670 2579 3728 diametrorum

158 3769 430 3832 vicissim
459 3772 772 3834 minuetur
800 3772 862 3833 in
893 3770 1130 3832 ratione
1158 3770 1480 3852 gravitatis
1510 3781 1706 3830 auctae
1736 3768 1835 3831 vel
1880 3767 2202 3849 augebitur
2240 3765 2300 3824 in
2347 3764 2580 3824 ratione

6 831 21 843 ⁸
0 629 38 817 &225an
