2852 4250
165 129 296 189 424
536 100 540 104 '
946 113 1062 162 DE
1101 112 1391 163 MUNDJ
1423 110 1784 163 SYSTEMA
1794 113 1893 162 TE

171 263 609 347 posteriorum.
725 264 1014 328 Variatio
1061 262 1348 327 satellitis
1396 285 1434 326 e
1472 264 1630 347 jove
1678 263 1947 348 spectati
1994 275 2094 328 est
2137 265 2220 328 ad
2269 265 2689 331 variationem

125 451 129 454 ι
174 365 346 428 lunae
400 378 474 428 ut
524 378 675 428 sunt
727 366 809 428 ad
865 367 1140 429 invicem
1192 364 1309 427 toti
1364 377 1576 427 motus
1629 366 1947 428 nodorum
2007 367 2405 449 temporibus
2459 369 2692 451 quibus

173 463 431 528 satelles
465 464 527 527 &
558 463 708 527 luna
740 465 823 527 ad
869 464 1070 529 solem
1102 464 1534 538 revolvuntur,
1567 486 1685 547 per
1714 466 1886 530 idem
1932 465 2370 543 corollarium;
2418 469 2694 552 ideoque

175 568 239 629 in
272 564 544 633 satellite
574 567 816 630 extimo
847 587 974 628 non
998 579 1259 648 superat
1293 563 1372 645 5''
1411 563 1564 629 12'''.

402 764 1044 828 PROPOSITIO
1135 764 1433 829 XXIV.
1560 765 2178 831 THEOREMA
2256 767 2481 831 XIX.

354 915 643 977 Fluxum
677 915 761 980 ὣ*
798 912 1116 996 refluxum
1147 913 1350 975 maris
1377 914 1456 975 ab
1485 915 1831 978 actionibus
1857 916 2007 979 solis
2034 938 2106 978 ac
2140 917 2313 978 lunae
2337 916 2520 979 oriri.

301 1069 485 1132 Mare
516 1068 781 1153 singulis
813 1069 1039 1132 diebus
1071 1083 1203 1133 tam
1234 1067 1559 1132 lunaribus
1584 1092 1777 1152 quam
1809 1068 2119 1134 solaribus
2150 1072 2248 1134 bis
2281 1072 2702 1147 intumescere

185 1169 422 1231 debere
472 1192 545 1231 ae
595 1170 693 1232 bis
733 1169 1015 1232 defluere
1065 1182 1244 1252 patet
1291 1192 1408 1252 per
1454 1168 1641 1232 corol.
1689 1192 1763 1249 19
1798 1170 1860 1232 &
1912 1192 1994 1234 20
2024 1193 2203 1254 prop.
2240 1192 2393 1234 LXVI
2423 1170 2540 1234 lib:
2573 1192 2595 1233 1
2635 1184 2708 1233 ut

183 1269 245 1332 &
275 1292 462 1352 aquae
494 1271 839 1333 maximam
871 1270 1290 1345 altitudinem,
1326 1272 1389 1333 in
1423 1271 1703 1333 maribus
1737 1272 2068 1354 profundis
2109 1272 2171 1334 ἃ
2215 1270 2445 1346 liberis,
2479 1270 2701 1354 appul-

181 1394 323 1433 sum
355 1371 759 1435 luminarium
793 1373 875 1435 ad
911 1373 1331 1435 meridianum
1378 1372 1499 1435 loci
1532 1374 1759 1436 minori
1792 1396 1985 1456 quam
2017 1395 2133 1435 sex
2164 1373 2463 1436 horarum
2495 1372 2704 1455 spatio

182 1474 380 1555 sequi,
415 1475 506 1536 uti
540 1474 610 1536 fit
642 1475 704 1536 in
738 1475 928 1536 maris
959 1475 1296 1537 Atlantici
1333 1474 1395 1536 ἃ
1424 1475 1793 1558 AEtlzz'opicz'
1818 1489 2020 1538 tractu
2054 1488 2190 1539 toto
2221 1473 2509 1538 orientali
2542 1475 2739 1537 inter-·

189 1574 477 1636 Galliam
522 1574 582 1637 ἃ
628 1576 1134 1657 promontorium
1179 1577 1380 1637 Bonce
1426 1577 1580 1657 Spei
1604 1590 1675 1638 ut
1724 1576 1786 1638 &
1835 1576 1898 1638 in
1949 1577 2141 1639 maris
2186 1576 2457 1660 Pacifici
2495 1574 2707 1639 littore

190 1673 474 1737 Claz'lensz'
501 1675 562 1737 ἃ
591 1677 999 1739 Peruvz'anos
1046 1677 1108 1738 in
1142 1677 1373 1759 quibus
1420 1677 1716 1739 omnibus
1766 1675 2082 1740 littoribus
2129 1691 2324 1740 aestus
2374 1677 2437 1739 in
2484 1676 2707 1739 horam
2814 1695 2821 1699 ·

186 1776 433 1839 circiter
495 1779 842 1840 secundam
898 1779 1149 1841 tertiam
1204 1776 1306 1840 vel
1370 1791 1660 1860 quartam
1718 1779 1953 1852 incidit,
2007 1780 2126 1841 nisi
2180 1780 2289 1841 ubi
2358 1791 2571 1842 motus
2624 1779 2708 1840 ab
2812 1778 2816 1786 ’

184 1900 425 1941 oceano
456 1879 775 1961 profundo
806 1902 922 1962 per
952 1879 1090 1942 loca
1114 1880 1358 1943 vadosa
1389 1893 1781 1964 propagatus
1813 1903 2018 1964 usque
2049 1882 2131 1944 ad
2164 1882 2387 1945 horam
2419 1882 2708 1964 quintam

184 1994 433 2042 sextam
484 1982 823 2063 septimam
873 1994 984 2042 aut
1032 1979 1196 2042 ultra
1245 1980 1618 2044 retardatur.
1720 1982 1938 2045 Horas
1989 2005 2256 2047 numero
2305 1984 2387 2045 ab
2435 1981 2707 2065 appulsu

183 2078 507 2143 luminaris
540 2082 870 2164 utriusque
916 2083 998 2143 ad
1046 2082 1468 2144 meridianum
1516 2082 1651 2157 loci,
1687 2097 1817 2145 tam
1866 2085 2027 2147 infra
2073 2085 2467 2148 horizontem
2515 2105 2709 2167 quam

184 2207 392 2266 supra,
448 2185 509 2247 ἃ
562 2207 678 2267 per
730 2186 919 2248 horas
973 2186 1100 2248 diei
1154 2184 1390 2248 lunaris
1421 2185 1731 2271 ‘intelligo
1784 2188 2133 2272 vigesimas
2187 2202 2446 2271 quartas
2494 2202 2710 2271 partes

184 2286 490 2367 temporis
523 2308 652 2368 quo
683 2284 832 2348 luna
865 2300 1040 2349 motu
1074 2300 1425 2368 apparente
1457 2287 1687 2350 diurno
1728 2288 1811 2349 ad
1859 2289 2282 2352 meridianum
2331 2287 2451 2352 loci
2502 2311 2711 2352 rever-

185 2387 350 2449 titur.
448 2387 566 2448 Vis
620 2386 771 2450 solis
819 2388 922 2450 vel
977 2386 1145 2450 lunae
1194 2388 1277 2450 ad
1327 2410 1503 2451 mare
1551 2387 1935 2452 elevandum
1987 2389 2267 2453 maxima
2314 2405 2414 2455 est
2459 2391 2522 2453 in
2571 2392 2711 2474 ipso
2806 2379 2808 2387 ’

185 2487 454 2570 appulsu
487 2487 814 2551 luminaris
846 2490 929 2552 ad
977 2490 1398 2553 meridianum
1446 2489 1583 2552 loci.
1679 2490 1813 2554 Sed
1860 2492 1959 2554 vis
2005 2514 2084 2555 eo
2115 2505 2406 2575 tempore
2439 2493 2501 2554 in
2535 2514 2712 2555 mare
2810 2512 2812 2514 ·
2848 2519 2852 2521 ·

188 2591 497 2672 impressa
547 2605 767 2653 manet
820 2590 1213 2674 aliquamdiu
1269 2590 1332 2652 &
1385 2613 1501 2672 per
1530 2590 1663 2652 vim
1718 2613 1954 2654 novam
2008 2594 2282 2656 subinde
2336 2595 2758 2677 impressam.
2808 2594 2816 2645 ³³

187 2706 470 2775 augetur,
522 2693 727 2756 donec
782 2715 956 2755 mare
1006 2693 1089 2754 ad
1143 2691 1546 2754 altitudinem
1596 2693 1942 2756 maximam
1990 2695 2368 2772 ascenderit,
2421 2695 2484 2758 id
2535 2695 2709 2778 quod
2809 2691 2812 2694 ⁴

187 2792 297 2854 fiet
327 2794 535 2875 spatio
566 2795 740 2857 horae
772 2794 959 2856 unius
992 2794 1348 2856 duarumve
1379 2795 1494 2856 sed
1530 2795 1767 2877 saepius
1798 2795 1882 2857 ad
1928 2794 2142 2858 littora
2171 2796 2381 2879 spatio
2412 2796 2710 2859 horarum

182 2893 370 2955 trium
404 2896 648 2958 circiter
677 2894 780 2958 vel
813 2896 1006 2958 etiam
1038 2894 1312 2978 plurium
1346 2895 1398 2957 si
1431 2918 1605 2958 mare
1636 2897 1719 2958 sit
1748 2897 2081 2962 vadosum.

309 3000 529 3062 Motus
583 3015 796 3064 autem
850 3002 1000 3075 bini,
1056 3024 1219 3084 quos
1268 3000 1602 3063 luminaria
1656 3001 1787 3065 duo
1840 3003 2135 3078 excitant,
2194 3025 2320 3067 non
2375 3016 2715 3067 cernentur

186 3100 501 3177 distincte,
558 3102 671 3163 sed
734 3117 979 3165 motum
1033 3102 1380 3184 quendam.
1420 3102 1690 3165 mixtum
1752 3102 2044 3167 efficient.
2168 3105 2243 3166 In
2305 3103 2711 3166 luminarium

186 3204 630 3286 conjunctione
682 3203 785 3266 vel
841 3205 1244 3286 oppositione
1298 3205 1767 3288 conjungentur
1819 3228 2040 3268 eorum
2090 3207 2370 3280 effectuS,
2427 3205 2490 3268 &
2539 3228 2709 3268 com-

186 3319 461 3387 ponetur
520 3306 728 3366 fluxus
791 3306 851 3367 ἃ
913 3306 1192 3367 refluxus
1254 3307 1588 3368 maximus,
1710 3307 1787 3368 In
1841 3307 2245 3389 quadraturis
2305 3306 2400 3370 sol
2462 3305 2713 3371 attollet

186 3428 420 3488 aquam
496 3407 602 3467 ubi
678 3405 827 3467 luna
894 3406 1212 3488 deprimit,
1276 3408 1722 3490 deprimetque
1782 3409 1890 3470 ubi
1953 3407 2104 3471 luna
2162 3408 2430 3483 attollit3
2506 3409 2569 3471 &
2628 3431 2711 3472 ex

187 3507 528 3568 effectuum
575 3507 932 3568 differentia
978 3521 1172 3570 aestus
1219 3510 1505 3571 omnium
1553 3510 1853 3572 minimus
1902 3509 2156 3573 orietur.
2255 3510 2347 3572 Et
2390 3510 2711 3592 quoniam,

186 3607 581 3689 experientia
626 3621 805 3681 teste,
856 3609 1059 3691 major
1103 3622 1202 3670 est
1248 3610 1512 3671 effectus
1559 3609 1727 3672 lunae
1779 3633 1973 3693 quam
2023 3610 2192 3685 soliS,
2241 3611 2479 3673 incidet
2526 3633 2712 3693 aquae

185 3709 464 3771 maxima
509 3707 778 3771 altitudo
811 3709 872 3770 in
907 3709 1129 3771 horam
1177 3711 1428 3772 tertiam
1474 3709 1761 3772 lunarem
1808 3713 2070 3775 circiter.
2174 3712 2381 3773 Extra
2410 3712 2708 3794 syzygias
2800 3767 2805 3769 -

186 3810 248 3872 8(
300 3810 736 3891 quadraturas,
785 3823 981 3872 aestus
1037 3810 1354 3872 maximus
1408 3811 1517 3892 qui
1571 3810 1708 3873 sola
1752 3812 1817 3874 vi
1873 3811 2074 3873 lunari
2131 3811 2410 3874 incidere
2457 3834 2715 3894 semper

183 3911 449 3974 deberet
495 3912 554 3973 in
591 3912 812 3974 horam
845 3912 1097 3974 tertiam
1141 3911 1447 3985 lunarem,
1482 3912 1544 3974 &
1591 3912 1728 3976 sola
1773 3912 1963 3977 solari
2011 3914 2074 3975 in
2121 3913 2373 3976 tertiam
2419 3912 2709 3987 solarem,
2782 3983 2784 3985 ‚
