2846 4224
136 139 264 201 xxii
971 127 1355 183 EDITORIS
1385 117 1663 203 PRAEEA
1674 122 1727 172 T
1716 122 1757 171 I
1756 121 1813 172 Ο.

142 325 430 391 tempore
461 305 799 388 periodico,
827 316 963 366 tum
994 297 1297 363 distantia
1327 297 1464 380 ejus
1496 315 1535 355 a
1565 303 1783 354 centro
1815 299 2016 349 terrae.
2110 281 2406 364 Spatium
2438 292 2650 363 poste·

144 412 283 475 rius⁴
326 408 645 470 invenitur
696 426 811 487 per
861 401 1300 485 experimenta
1352 392 1792 479 pendulorum‚
1837 382 2383 470 quemadmodum
2436 380 2655 443 docuit

146 509 500 593 Hugenz'm.
542 496 549 505 ’
600 507 769 568 Inito
798 504 1018 586 itaque
1049 499 1304 572 calcu10‚
1339 497 1616 579 spatium
1663 491 1836 574 prius
1878 486 1960 549 ad
1992 484 2270 567 spatium
2321 480 2654 564 posterius,
2690 566 2694 569 Ι

148 635 261 676 seu
292 611 390 673 vis
422 609 771 690 centripeta
801 605 969 668 lunae
1001 605 1063 665 in
1110 600 1316 664 orbita
1359 619 1476 659 sua
1521 590 1908 657 revolventis
1940 587 2022 649 ad
2054 585 2186 647 vim
2227 582 2562 667 gravitatis
2594 581 2658 642 in

153 712 486 795 superficie
545 722 748 782 terrae,
803 707 924 769 erit
970 717 1041 767 ut
1095 701 1478 785 quadratum
1527 689 1982 758 semidiametri
2043 700 2229 749 terrae
2289 683 2371 746 ad
2433 682 2659 745 orbitae
2736 766 2743 773 .

152 810 603 877 semidiametri
664 807 1058 889 quadratum.
1197 800 1494 862 Eandem
1555 795 1750 858 habet
1811 791 2137 859 rationem,
2194 807 2309 868 per
2367 806 2446 847 ea
2515 804 2662 865 quae

155 913 444 996 superius
503 908 938 979 ostenduntur,
986 905 1084 966 vis
1126 900 1479 981 centripeta
1526 896 1694 958 lunae
1742 894 1804 955 in
1851 891 2058 954 orbita
2105 909 2221 949 sua
2273 883 2665 948 revolventis

158 1016 240 1086 ad
300 1014 431 1076 vim
491 1011 658 1073 lunae
719 1007 1133 1087 centripetam
1193 1022 1394 1084 prope
1455 1012 1641 1060 terrae
1695 991 2112 1075 superficiem.
2252 987 2372 1049 Vis
2448 986 2665 1067 itaque

159 1114 508 1194 centripeta
567 1130 767 1192 prope
810 1122 995 1170 terrae
1039 1102 1438 1186 superficiem
1484 1094 1748 1179 aequalis
1794 1106 1892 1156 est
1936 1092 2000 1153 vi
2045 1088 2394 1174 gravitatis,
2513 1085 2667 1148 Non

161 1237 314 1298 ergo
346 1214 616 1274 diversae
647 1221 796 1271 sunt
825 1209 1009 1280 vireS‚
1036 1205 1149 1268 sed
1181 1225 1308 1265 una
1332 1214 1523 1283 atque
1548 1198 1775 1261 eadem
1805 1219 1816 1257 :
1864 1193 1916 1254 si
1941 1192 2110 1254 enim
2136 1190 2408 1251 diversae
2433 1199 2665 1259 essent,

163 1335 428 1395 corpora
457 1311 697 1373 viribus
730 1307 1080 1391 conjunctis
1113 1303 1310 1386 duplo
1343 1301 1607 1364 celerius
1640 1298 1702 1359 in
1736 1309 1969 1358 terram
2002 1292 2307 1354 caderent
2342 1310 2538 1371 quam
2585 1309 2668 1349 ex

164 1415 229 1477 vi
274 1412 411 1475 sola
452 1410 798 1495 gravitatis,
896 1409 1166 1470 Constat
1219 1406 1410 1488 igitur
1465 1402 1596 1464 vim
1648 1398 1818 1460 illam
1872 1395 2309 1476 centripetam,
2344 1412 2473 1472 qua
2519 1388 2672 1450 luna
2742 1434 2746 1439 .

165 1526 475 1596 perpetuo
506 1512 587 1573 de
618 1522 922 1592 tangente
967 1506 1070 1569 vel
1117 1506 1386 1568 trahitur
1429 1501 1532 1565 vel
1582 1498 1926 1582 impellitur
1972 1496 2033 1557 &
2080 1495 2142 1556 in
2189 1493 2397 1556 orbita
2441 1491 2671 1553 retine-

167 1628 283 1687 tur,
318 1614 520 1695 ipsam
553 1632 693 1673 esse
723 1610 854 1672 vim
884 1607 1215 1691 gravitatis
1248 1603 1559 1667 terrestris
1592 1601 1672 1662 ad
1706 1599 1920 1661 lunam
1946 1618 2148 1678 usque
2180 1594 2668 1676 pertingentem.

173 1715 263 1776 Et
294 1713 518 1774 rationi
551 1711 809 1792 quidem
841 1722 1339 1771 consentaneum
1371 1718 1469 1768 est
1492 1717 1563 1766 ut
1592 1702 1674 1764 ad
1709 1703 1999 1784 ingentes
2031 1696 2365 1759 distantias
2398 1692 2502 1756 illa
2532 1713 2676 1754 sese

168 1815 370 1877 virtus
419 1812 739 1886 extendat,
789 1833 931 1871 cum
987 1808 1222 1871 nullam
1276 1809 1413 1891 ejus
1467 1802 1833 1867 sensibilem
1890 1798 2416 1872 imminutionem,
2450 1793 2555 1856 vel
2610 1793 2674 1855 in

171 1914 492 1976 altissimis
544 1913 854 1974 montium
914 1910 1359 1981 cacuminibuS,
1415 1907 1758 1969 observare
1819 1901 1980 1964 licet.
2107 1898 2406 1961 Gravitat
2459 1895 2676 1977 itaque

170 2015 320 2076 luna
365 2014 428 2074 in
488 2025 759 2074 terram:
837 2011 988 2092 quin
1052 2010 1113 2072 &
1172 2009 1421 2070 actione
1482 2018 1702 2067 mutua
1762 2018 1929 2065 terra
1987 2001 2267 2063 vicissim
2338 1999 2400 2060 in
2459 1996 2676 2059 lunam

126 2112 500 2196 ·aequaliter
556 2113 872 2196 gravitat:
950 2111 1013 2171 id
1075 2109 1248 2191 quod
1309 2106 1565 2169 abunde
1641 2104 1903 2187 quidem
1965 2102 2374 2165 confirmatur
2434 2100 2497 2161 in
2560 2098 2679 2160 hac

172 2212 588 2295 philosophia,
624 2212 729 2273 ubi
762 2212 971 2293 agitur
1001 2210 1081 2272 de
1114 2209 1303 2270 maris
1350 2221 1509 2269 aestu
1559 2206 1620 2267 δε
1666 2204 2189 2287 aequinoctiorum
2237 2200 2677 2283 praecessione,

173 2316 254 2376 ab
301 2315 548 2377 actione
601 2328 735 2375 tum
768 2312 935 2373 lunae
989 2324 1123 2372 tum
1173 2308 1322 2371 solis
1371 2307 1435 2369 in
1486 2321 1720 2369 terram
1771 2304 2125 2372 oriundus„
2194 2303 2369 2364 Hinc
2417 2301 2479 2364 &
2525 2299 2679 2362 illud

173 2416 431 2477 tandem
493 2415 846 2486 edocemur,
911 2434 1038 2493 qua
1098 2410 1392 2471 nimirum
1462 2407 1605 2491 lege
1666 2408 1764 2469 vis
1823 2405 2158 2490 gravitatis
2218 2404 2547 2466 decrescat
2609 2403 2672 2464 in

177 2516 517 2598 majoribus
549 2537 587 2575 a
618 2512 839 2576 tellure
871 2512 1202 2573 distantiiS.
1304 2509 1479 2570 Nam
1526 2530 1669 2569 cum
1716 2507 2004 2591 gravitas
2051 2527 2179 2567 non
2226 2505 2486 2566 diversa
2530 2504 2613 2566 sit
2642 2525 2682 2565 a

177 2616 242 2676 vi
287 2616 635 2695 centripeta
686 2613 906 2689 lunari,
941 2613 1078 2673 haec
1130 2632 1285 2672 vero
1333 2610 1416 2670 sit
1462 2609 1781 2689 reciproce
1830 2603 2319 2689 proportionalis
2369 2604 2684 2687 quadrato

178 2716 497 2777 distantiae
525 2738 536 2786 ;
583 2714 969 2774 diminuetur
1001 2711 1062 2772 ἃ
1092 2709 1375 2793 gravitas
1408 2709 1470 2770 in
1504 2709 1731 2770 eadem
1764 2708 2024 2770 ratione.

271 2814 761 2895 Progrediamur
799 2813 934 2895 jam
982 2811 1063 2872 ad
1109 2809 1396 2891 planetas
1444 2808 1736 2889 reliquos
1863 2806 2186 2887 Quoniam
2246 2801 2678 2867 revolutiones

183 2915 620 2996 primariorum
667 2913 828 2973 circa
873 2909 1073 2972 solem
1107 2910 1168 2971 Sc
1199 2909 1717 2971 secundariorum
1767 2908 1932 2969 circa
1970 2909 2193 2991 jovem
2245 2905 2307 2967 &
2350 2917 2683 2967 saturnum

159 3027 333 3083 ⁴sunt
390 3014 815 3095 phaenomena
865 3010 1118 3094 generis
1171 3009 1459 3092 ejusdem
1508 3030 1582 3069 ac
1635 3006 1949 3071 revolutio
1997 3006 2165 3070 lunae
2220 3007 2385 3069 circa
2433 3019 2684 3080 terram,

184 3115 485 3196 quoniam
559 3134 748 3194 porro
822 3111 1329 3172 demonstratum
1392 3122 1493 3171 est
1551 3109 1720 3170 vires
1796 3108 2182 3190 centripetas
2242 3107 2687 3189 primariorum

187 3214 372 3296 dirigi
425 3235 648 3275 versus
710 3225 997 3273 centrum
1058 3208 1225 3283 soliS,
1277 3209 1797 3271 secundariorum
1847 3232 2071 3272 versus
2128 3221 2347 3271 centra
2396 3208 2570 3290 jovis
2625 3207 2688 3270 &

187 3315 444 3387 saturni,
502 3312 1047 3395 quemadmodum
1100 3310 1267 3399 lunae
1316 3311 1414 3372 vis
1468 3310 1819 3390 centripeta
1865 3333 2091 3373 versus
2151 3323 2338 3372 terrae
2399 3322 2688 3370 centrum

188 3414 511 3495 dirigitur;
559 3412 797 3484 adhaeC,
827 3412 1127 3493 quoniam
1153 3432 1375 3473 omnes
1409 3409 1529 3471 illae
1561 3411 1729 3471 vires
1754 3423 1903 3471 sunt
1927 3411 2245 3491 reciproce
2276 3421 2347 3470 ut
2378 3408 2692 3490 quadrata

186 3512 627 3573 distantiarum
679 3534 719 3572 a
762 3508 1014 3587 centris,
1072 3511 1614 3593 quemadmodum
1661 3511 1760 3572 vis
1814 3508 1983 3573 lunae
2035 3523 2135 3573 est
2182 3523 2253 3572 ut
2305 3509 2689 3591 quadratum

190 3613 508 3675 distantiae
540 3635 579 3674 a
609 3626 776 3674 terra
805 3636 816 3674 ε
864 3611 1372 3675 concludendum
1405 3612 1524 3674 erit
1554 3612 1826 3674 eandem
1857 3633 1999 3673 esse
2031 3623 2322 3672 naturam
2353 3610 2686 3674 universis,

198 3714 425 3802 Itaque
455 3726 526 3775 ut
555 3711 705 3775 luna
733 3714 1011 3796 gravitat
1043 3714 1105 3774 in
1138 3726 1384 3787 terram,
1410 3713 1471 3775 &
1502 3725 1670 3774 terra
1693 3712 1971 3774 vicissim
1997 3713 2059 3774 in
2092 3710 2343 3784 lunam;
2376 3712 2466 3773 sic
2496 3712 2690 3774 etiam

193 3815 606 3898 gravitabunt
635 3837 859 3877 omnes
892 3815 1247 3877 secundarii
1296 3815 1357 3876 in
1408 3815 1740 3896 primarios
1772 3836 1938 3887 suOS,
1974 3813 2036 3875 81
2081 3813 2361 3894 primarii
2410 3812 2689 3875 vicissim
