2852 4250
1074 79 1311 128 LIBER
1351 81 1686 132 TERTIUS.
1722 153 1727 157 .
2469 111 2582 166 401

86 247 89 249 ’
115 231 117 234 ⁴
161 242 231 293 ut
259 229 328 290 fit
357 229 418 289 in
446 227 743 310 gravibus
784 228 845 286 in
890 226 1005 286 hac
1035 238 1198 286 terra
1227 240 1452 288 nostra.
1548 229 1636 288 Et
1665 231 1887 291 eodem
1917 248 2280 313 argumento
2324 236 2587 315 planetae

70 332 85 378 Γ
158 324 633 396 circumsolares‚
680 325 760 384 ab
807 322 1148 402 aequalibus
1196 345 1234 383 a
1284 323 1415 384 sole
1462 325 1767 386 distantiis
1812 329 2078 401 demissi,
2125 332 2423 393 descensu
2471 358 2583 397 suo

72 433 84 457 ·‘
161 425 223 486 in
267 421 461 484 solem
513 420 854 501 aequalibus
898 420 1280 499 temporibus
1328 420 1590 500 aequalia
1641 425 1840 501 spatia
1882 426 2313 489 describerent.
2405 431 2586 492 Vires

7 584 10 587 Α
63 607 65 609 ¹
160 536 383 593 autem,
444 521 669 600 quibus
735 540 992 597 corpora
1058 517 1387 597 inaequalia
1451 519 1770 598 aequaliter
1833 522 2260 595 accelerantur,
2320 539 2463 586 sunt
2517 542 2586 588 ut

161 640 449 699 corpora;
496 618 613 677 hoc
643 629 753 688 est,
787 615 1066 695 pondera
1107 627 1176 675 ut
1206 616 1581 694 quantitates
1612 620 1883 679 materiae
1922 621 1982 679 in
2026 619 2302 699 planetis
2398 623 2585 684 Porro

20 761 53 812 ν...
150 719 318 801 jovis
364 717 424 777 &
468 717 600 797 ejus
645 714 978 775 satellitum
1022 713 1300 792 pondera
1330 714 1391 773 in
1436 714 1630 774 solem
1682 717 2161 795 proportionalia
2205 741 2342 779 esse
2393 742 2582 799 quan-

160 815 436 876 titatibus
495 813 769 873 materiae
827 832 1041 872 eorum
1100 822 1274 889 patet
1323 832 1402 870 ex
1460 824 1630 871 motu
1689 812 2018 873 satellitum
2077 837 2262 894 quam
2321 818 2587 877 maxime

6 904 38 997 .-
112 910 462 993 'regulari3
523 931 635 989 per
691 907 873 969 corol.
933 928 966 985 3
1020 929 1193 987 prop.
1258 928 1383 967 LXV
1440 907 1540 969 lib.
1614 931 1661 970 1.
1785 911 1952 971 Nam
2011 914 2061 972 si
2121 914 2339 974 horum
2397 913 2583 994 aliqui

162 1010 360 1091 magis
425 1007 814 1068 traherentur
874 1007 935 1065 in
1000 1004 1212 1076 solem,
1273 1027 1386 1084 pro
1451 1008 1793 1086 quantitate
1858 1011 2129 1070 materiae
2188 1034 2331 1082 suae,
2399 1034 2584 1091 quam

162 1107 409 1170 caeteri:
462 1119 668 1166 motus
716 1103 1048 1164 satellitum
1105 1100 1240 1182 (per
1297 1102 1475 1164 corol.
1534 1125 1563 1163 2
1618 1127 1787 1184 prop.
1852 1127 1976 1167 va
2022 1107 2121 1169 lib.
2186 1108 2239 1190 1)
2295 1131 2373 1168 ex
2439 1110 2583 1169 inae-

161 1203 456 1286 qualitate
507 1202 886 1263 attractionis
935 1201 1453 1280 perturbarentur.
1564 1202 1647 1272 Si,
1702 1204 1949 1281 paribus
2001 1227 2038 1264 a
2084 1205 2212 1266 sole
2263 1207 2582 1276 distantiis,

160 1290 406 1363 satelles
453 1299 671 1380 aliquis
717 1300 969 1380 gravior
1019 1311 1184 1358 esset
1232 1299 1292 1357 in
1345 1297 1539 1359 solem
1586 1321 1698 1378 pro
1746 1302 2087 1379 quantitate
2123 1304 2394 1362 materiae
2440 1325 2583 1374 suae,

161 1421 348 1480 quam
397 1399 632 1480 jupiter
690 1419 803 1476 pro
861 1397 1207 1476 quantitate
1266 1398 1540 1456 materiae
1599 1419 1745 1468 suae,
1808 1399 1868 1457 in
1928 1401 2162 1460 ratione
2221 1421 2585 1479 quacunque

160 1497 320 1567 data,
369 1508 521 1575 puta
569 1494 618 1554 d
656 1494 737 1553 ad
783 1516 852 1554 e:
910 1493 1204 1553 distantia
1256 1494 1414 1553 inter
1464 1507 1743 1554 centrum
1794 1495 1939 1555 solis
1992 1497 2051 1556 ἃ
2098 1510 2373 1573 centrum
2424 1498 2588 1556 orbis

59 1603 70 1665 ῗ
160 1592 438 1655 satellitis
497 1592 696 1672 major
737 1612 986 1670 semper
1027 1591 1187 1652 foret
1239 1612 1426 1670 quam
1471 1592 1764 1651 distantia
1812 1593 1969 1652 inter
2012 1607 2287 1653 centrum
2335 1592 2479 1654 solis
2529 1594 2588 1653 &

159 1703 436 1752 centrum
486 1690 654 1770 jovis
707 1689 768 1748 in
828 1689 1066 1748 ratione
1118 1688 1550 1767 subduplicata
1608 1711 1794 1768 quam
1845 1691 2161 1769 proxime;
2224 1691 2311 1750 uti
2360 1688 2589 1750 calculo

160 1789 431 1869 quodam
483 1788 635 1848 inito
688 1787 913 1846 inveni.
1052 1786 1139 1846 Et
1190 1787 1240 1845 si
1287 1785 1532 1846 satelles
1581 1788 1781 1846 minus
1824 1788 2032 1868 gravis
2078 1800 2242 1848 esset
2292 1789 2352 1848 in
2397 1786 2588 1848 solem

159 1887 220 1947 in
268 1886 505 1946 ratione
557 1884 659 1944 illa
708 1884 757 1943 d
800 1884 879 1943 ad
931 1906 972 1954 e,
1021 1884 1314 1944 distantia
1358 1886 1549 1944 centri
1598 1886 1762 1945 orbis
1810 1886 2085 1946 satellitis
2137 1909 2174 1946 a
2220 1885 2348 1946 sole
2392 1886 2591 1945 minor

157 1983 317 2045 foret
360 2004 549 2062 quam
593 1983 888 2042 distantia
918 1982 1109 2042 centri
1147 1983 1314 2062 jovis
1360 2004 1397 2041 a
1443 1981 1572 2042 sole
1622 1983 1681 2042 in
1735 1985 1968 2044 ratione
2001 1983 2100 2043 illa
2144 1982 2581 2062 subduplicata.

79 2079 81 2081 ¹
164 2082 440 2161 Ideoque
471 2081 537 2152 si,
572 2081 633 2140 in
675 2080 1016 2160 aequalibus
1061 2102 1099 2139 a
1142 2079 1272 2140 sole
1316 2080 1638 2151 distantiiS,
1663 2082 1935 2161 gravitas
1980 2080 2369 2141 acceleratrix
2412 2078 2588 2139 satel-

159 2179 280 2242 litis
324 2180 594 2261 cujusvis
647 2180 709 2239 in
757 2178 952 2239 solem
1002 2179 1198 2258 major
1241 2192 1405 2237 esset
1440 2177 1539 2238 vel
1586 2179 1785 2239 minor
1815 2201 1999 2258 quam
2046 2180 2316 2259 gravitas
2363 2175 2588 2236 accele-

161 2279 349 2339 ratrix
384 2279 551 2360 jovis
589 2279 650 2338 in
696 2276 907 2349 solem,
941 2291 1116 2356 parte
1163 2290 1402 2337 tantum
1449 2276 1770 2337 millesima
1797 2276 2117 2356 gravitatis
2162 2275 2385 2346 totius;
2431 2274 2589 2333 foret

62 2428 79 2440 .
160 2377 451 2438 distantia
481 2377 673 2437 centri
705 2377 871 2436 orbis
902 2374 1181 2435 satellitis
1227 2397 1263 2434 a
1307 2374 1436 2435 sole
1478 2376 1672 2455 major
1700 2373 1799 2434 vel
1845 2374 2044 2432 minor
2072 2394 2256 2451 quam
2301 2370 2591 2430 distantia

150 2475 317 2557 jovis
347 2498 385 2535 a
423 2474 553 2536 sole
597 2488 773 2554 parte
802 2474 939 2539 Πιπ
968 2472 1278 2533 distantiae
1324 2473 1526 2543 totiuS,
1561 2472 1622 2531 id
1667 2484 1775 2542 est,
1810 2479 1982 2550 par'te
2027 2471 2240 2549 quinta
2283 2467 2588 2527 distantiae

159 2572 436 2634 satellitis
496 2573 709 2634 extimi
769 2594 807 2632 a
871 2583 1083 2632 centro
1147 2570 1365 2651 jovis:
1441 2591 1580 2648 quae
1633 2569 1882 2647 quidem
1950 2569 2113 2628 orbis
2172 2563 2587 2626 eccentricitas

159 2669 318 2730 foret
367 2668 551 2730 valde
596 2668 917 2730 sensibilis
1040 2669 1171 2728 Sed
1223 2669 1404 2728 orbes
1450 2665 1780 2726 satellitum
1828 2679 1971 2725 sunt
2019 2665 2151 2745 jovi
2204 2661 2583 2731 concentrici,

164 2765 224 2827 &
279 2781 609 2846 propterea
664 2768 1004 2848 gravitates
1057 2766 1513 2828 acceleratrices
1563 2765 1729 2845 jovis
1789 2764 1849 2824 &
1899 2762 2228 2824 satellitum
2282 2762 2342 2820 in
2394 2757 2587 2818 solem

163 2877 486 2943 aequantur
515 2865 675 2924 inter
703 2886 785 2925 se.
879 2865 967 2925 Et
997 2866 1218 2926 eodem
1250 2876 1616 2946 argumento
1646 2862 1922 2941 pondera
1944 2860 2175 2921 saturni
2209 2859 2267 2918 &
2298 2857 2588 2917 comitum

67 2984 71 2988 ’
123 2962 295 3048 vejus
353 2963 414 3023 in
473 2961 683 3034 solem,
739 2963 799 3022 in
860 2963 1202 3043 aequalibus
1254 2986 1291 3023 a
1342 2962 1472 3023 sole
1530 2960 1851 3030 distantiiS,
1905 2971 2048 3017 sunt
2098 2969 2167 3015 ut
2216 2954 2588 3034 quantitates

61 3058 65 3061 ’
162 3059 434 3120 materiae
465 3060 527 3120 in
572 3061 760 3139 ipsis:
808 3061 868 3121 &
912 3062 1192 3141 pondera
1234 3060 1395 3120 lunae
1427 3082 1498 3119 ac
1529 3072 1706 3119 terrae
1749 3058 1809 3117 in
1854 3055 2046 3116 solem
2078 3052 2176 3114 vel
2223 3050 2387 3112 nulla
2430 3062 2587 3120 sunt,

161 3155 261 3216 vel
309 3178 520 3218 earum
568 3159 787 3219 massis
835 3173 1119 3220 accurate
1169 3156 1663 3238 proportionalia.
1754 3152 1988 3233 Aliqua
2037 3163 2243 3212 autem
2294 3160 2437 3208 sunt
2483 3167 2592 3225 per

165 3252 349 3315 corol.
394 3275 415 3314 1
456 3255 516 3315 &
549 3276 582 3333 3
616 3278 789 3335 prop.
824 3276 879 3316 v.

276 3350 634 3428 Quinetiam
666 3354 943 3432 pondera
973 3354 1239 3433 partium
1271 3351 1650 3433 singularum
1681 3348 1946 3429 planetae
1977 3347 2273 3426 cujusque
2305 3343 2365 3401 in
2406 3339 2591 3399 alium

164 3464 595 3530 quemcunque
626 3464 771 3512 sunt
815 3452 975 3511 inter
1004 3473 1072 3511 se
1115 3464 1184 3511 ut
1228 3450 1485 3510 materia
1536 3449 1596 3508 in
1642 3446 1917 3526 partibus
1962 3440 2232 3522 singulis.
2329 3437 2494 3495 Nam
2538 3434 2588 3492 si

59 3564 62 3570 ·
163 3558 371 3624 partes
428 3546 652 3627 aliquae
711 3547 849 3628 plus
906 3549 1304 3629 gravitarent‚
1366 3546 1502 3606 aliae
1562 3545 1779 3614 minus,
1835 3561 2020 3620 quam
2078 3558 2190 3615 pro
2248 3531 2590 3618 quantitate

165 3644 436 3705 materiae
465 3668 477 3706 ε
523 3644 771 3725 planeta
801 3658 982 3717 totUS‚
1015 3667 1128 3724 pro
1156 3665 1387 3726 genere
1417 3642 1682 3722 partium
1727 3639 1949 3719 quibus
1994 3633 2257 3694 maxime
2301 3627 2588 3698 abundet,

163 3741 499 3819 gravitaret
527 3743 726 3824 magis
756 3741 856 3805 vel
888 3743 1090 3804 minus
1121 3763 1308 3822 quam
1338 3762 1452 3819 pro
1483 3738 1825 3819 quantitate
1855 3731 2124 3794 materiae
2164 3728 2363 3788 totius,
2462 3722 2591 3782 Sed

1325 3844 1354 3882 2
1392 3843 1426 3882 c
