2852 4250
6 2767 19 2787 ι

9 3982 52 4250 &ffers
9 3859 42 3954 “ca-3
4 3783 6 3785 ’
22 3697 43 3744 κ-
0 3570 38 3586 ἶ
7 3507 50 3528 ’.Α
42 3414 46 3418 .
4 3344 42 3378 ἶ».
43 3200 45 3202 ,
0 2780 38 2947 ·”-”’-.”·

923 80 948 104 ”
1012 103 1305 167 ·ΠΒΕΚ
1332 118 1755 170 SECUNDUS.
2507 139 2624 203 307

230 304 243 313 ·
311 279 513 340 ξυνοῖς
546 299 597 356 3.
650 279 739 339 Et
787 275 1229 349 universaliter,
1275 271 1326 337 si
1379 279 1728 338 resistentia
1771 280 1851 339 sit
1903 281 1964 339 in
2017 281 2318 360 triplicata
2359 284 2459 345 vel
2510 285 2629 348 alia

192 376 415 454 quavis
445 377 679 443 ratione
702 374 1060 445 velocitatiS,
1086 374 1432 435 differentia
1454 375 1570 434 erit
1600 375 1660 434 in
1691 375 1910 435 eadem
1942 377 2178 437 ratione
2201 400 2379 439 arcus
2410 383 2624 442 totius:

198 470 260 531 &
288 485 516 533 contra.
2097 527 2103 534 .

310 569 504 629 Corol.
538 588 594 644 4.
649 568 736 628 Et
763 568 815 627 si
855 567 1204 630 resistentia
1231 566 1313 625 sit
1355 566 1579 644 partim
1621 566 1682 625 in
1714 568 1949 628 ratione
1980 569 2239 648 simplici
2271 569 2625 644 velocitatiS,

191 663 415 742 partim
446 663 517 722 -in
548 663 827 743 ejusdem
858 662 1096 723 ratione
1124 660 1450 740 duplicata,
1483 662 1830 723 differentia
1869 667 1984 725 erit
2028 668 2251 744 partim
2294 667 2354 726 in
2396 670 2629 729 ratione

190 779 368 819 arcus
413 759 602 819 totius
643 758 971 838 &partim
1016 758 1077 817 in
1118 759 1251 838 ejus
1282 759 1518 819 ratione
1558 759 1910 838 duplicata:
1960 761 2019 821 &
2061 775 2288 823 contra.
2385 764 2627 824 Eadem

112 919 118 925 ,
159 924 167 933 Ι,
189 856 306 918 erit
347 854 448 916 lex
493 855 554 916 &
598 855 754 915 ratio
799 855 1164 915 resistentiae
1210 876 1322 934 pro
1352 854 1696 928 velocitate,
1740 879 1880 936 quae
1926 872 2021 918 est
2064 860 2427 920 differentiae
2474 860 2629 921 illius

189 975 303 1033 pro
331 952 718 1035 longitudine
749 973 941 1012 arcuS.
2377 1027 2380 1030 ἢ

319 1051 516 1111 Corol.
555 1067 605 1127 5.
659 1050 938 1128 Ideoque
981 1049 1049 1119 si,
1092 1046 1365 1127 pendulo
1410 1049 1747 1128 inaequales
1791 1073 1967 1111 arcus
2012 1055 2360 1114 successive
2405 1055 2626 1115 descri-

188 1148 390 1219 bente,
423 1147 682 1208 inveniri
714 1158 923 1226 potest
953 1147 1108 1207 ratio
1139 1147 1499 1206 incrementi
1530 1169 1602 1207 ac
1633 1148 2008 1209 decrementi
2051 1151 2414 1227 differentiae
2446 1153 2628 1233 hujus

187 1266 302 1324 pro
343 1243 730 1324 longitudine
770 1264 946 1303 arcus
990 1243 1282 1322 descripti
1306 1267 1317 1314 ;
1365 1243 1692 1304 habebitur
1721 1247 1907 1305 etiam
1955 1249 2109 1309 ratio
2155 1250 2512 1310 incrementi
2558 1273 2628 1311 ac

187 1340 565 1402 decrementi
595 1340 959 1400 resistentiae
989 1361 1102 1419 pro
1133 1338 1462 1400 velocitate
1495 1342 1727 1421 majore
1759 1343 1858 1403 vel
1892 1345 2144 1406 minore.

1079 1508 1390 1567 Sclzolz'um
1427 1508 1733 1569 Generale.

302 1626 405 1694 Ex
455 1634 550 1694 his
601 1635 1142 1714 propositionibuS,
1197 1656 1309 1714 per
1359 1633 1774 1696 oscillationes
1828 1636 2241 1715 pendulorum
2297 1639 2356 1697 in
2411 1639 2628 1698 mediis

186 1732 670 1812 quibuscunque,
704 1732 980 1793 invenire
1024 1730 1167 1793 licet
1211 1733 1623 1793 resistentiam
1669 1734 2028 1796 mediorum.
2123 1735 2310 1795 Aeris
2341 1757 2491 1796 vero
2536 1757 2624 1795 re-

186 1830 528 1890 sistentiam
574 1830 943 1911 investigavi
989 1852 1102 1910 per
1130 1831 1556 1910 experimenta
1600 1833 1940 1911 sequentia.
2035 1832 2308 1893 Globum
2355 1833 2625 1914 ligneum

185 1927 461 2007 pondere
525 1928 842 1988 unciarum
899 1930 1336 1989 Romanarum
1399 1930 1563 2006 5733,
1630 1930 1934 1990 diametro
2001 1931 2334 2011 digitorum
2393 1931 2620 1990 Londi-

184 2025 461 2085 nensz'um
501 2026 574 2090 6}
612 2025 993 2101 fabricatum,
1028 2025 1130 2088 filo
1171 2028 1340 2088 tenui
1381 2029 1461 2088 ab
1503 2050 1662 2088 unco
1692 2029 1841 2087 satis
1884 2028 2060 2088 firmo
2100 2029 2411 2107 suspendi,
2447 2030 2530 2087 ita
2559 2041 2627 2087 ut

186 2122 345 2184 inter
373 2144 597 2184 uncum
644 2124 705 2184 &
749 2137 1026 2185 centrum
1057 2124 1453 2187 oscillationis
1482 2125 1651 2207 globi
1694 2126 1984 2186 distantia
2025 2139 2188 2186 esset
2229 2126 2458 2204 pedum
2500 2125 2618 2189 Ιοὲ.

189 2220 262 2280 In
294 2219 398 2281 filo
427 2235 722 2300 punctum
755 2224 965 2283 notavi
1010 2223 1274 2302 pedibus
1318 2224 1534 2284 decem
1583 2224 1642 2284 δι
1687 2225 1865 2283 uncia
1907 2245 2028 2283 una
2058 2246 2094 2283 a
2124 2237 2335 2283 centro
2366 2244 2620 2301 suspen-

183 2317 372 2378 sionis
411 2318 682 2391 distans;
731 2319 790 2380 &
821 2342 855 2380 e
886 2322 1139 2401 regione
1179 2321 1389 2400 puncti
1433 2320 1590 2395 illius
1633 2320 1925 2382 collocavi
1968 2319 2244 2401 regulam
2291 2321 2350 2379 in
2393 2319 2622 2400 digitos

182 2416 550 2488 distinctam,
612 2439 874 2497 quorum
933 2440 1052 2498 ope
1113 2433 1392 2480 notarem
1459 2418 1876 2500 longitudines
1932 2440 2189 2478 arcuum
2249 2440 2286 2477 a
2351 2416 2623 2496 pendulo

182 2513 537 2593 descriptas,
656 2516 904 2576 Deinde
956 2518 1275 2577 numeravi
1327 2516 1739 2578 oscillationcs
1789 2517 2011 2596 quibus
2062 2515 2284 2597 globus
2337 2529 2620 2576 octavam

184 2624 387 2672 motus
428 2613 521 2672 sui
565 2626 806 2692 partem
845 2615 1169 2676 amitteret.
1264 2615 1332 2675 Si
1378 2614 1717 2694 pendulum
1763 2615 2186 2674 deducebatur
2220 2636 2257 2673 a
2297 2614 2619 2693 perpendi-

182 2707 320 2770 culo
370 2710 450 2770 ad
495 2711 851 2771 distantiam
895 2713 1158 2774 duorum
1203 2713 1554 2795 digitorum,
1604 2714 1662 2774 &
1709 2714 1852 2773 inde
1892 2712 2362 2784 demittebatur;
2425 2712 2509 2771 ita
2555 2724 2623 2770 ut

182 2819 315 2868 toto
371 2829 486 2868 suo
543 2808 846 2870 descensu
906 2810 1283 2871 describeret
1347 2832 1556 2871 arcum
1623 2811 1886 2871 duorum
1953 2810 2304 2893 digitorum,
2367 2821 2620 2887 totaque

180 2902 560 2966 oscillatione
610 2907 824 2985 prima,
878 2929 957 2968 ex
1008 2908 1311 2969 descensu
1366 2909 1426 2969 8ι
1472 2931 1731 2970 ascensu
1792 2909 2210 2987 subsequente
2262 2908 2617 2986 composita,

115 3039 117 3043 .
180 3023 389 3063 arcum
419 3003 752 3084 digitorum
782 3005 910 3066 fere
934 3019 1227 3085 quatuor:
1270 3008 1435 3068 idem
1459 3006 1939 3069 oscillationibus
1974 3011 2087 3082 164
2110 3006 2314 3066 amisit
2337 3019 2619 3066 octavam

182 3111 386 3160 motus
416 3100 509 3160 sui
554 3114 811 3180 partem,
843 3103 930 3163 sic
960 3116 1029 3163 ut
1071 3103 1288 3165 ultimo
1318 3127 1432 3165 suo
1468 3127 1727 3166 ascensu
1770 3105 2146 3165 describeret
2190 3125 2397 3164 arcum
2442 3103 2618 3183 digiti

181 3197 361 3257 unius
391 3219 531 3258 cum
562 3199 755 3260 tribus
785 3202 1063 3279 partibus
1094 3202 1328 3280 quartis
1359 3202 1553 3282 digiti.
1633 3203 1701 3262 Si
1733 3202 1933 3281 primo
1963 3202 2264 3262 descensu
2296 3201 2620 3279 descripsit

179 3313 390 3354 arcum
447 3294 783 3376 digitorum
843 3310 1140 3377 quatuor;
1209 3299 1416 3358 amisit
1473 3312 1758 3359 octavam
1819 3311 2024 3359 motus
2083 3312 2323 3378 partem
2382 3298 2616 3359 oscilla-

181 3389 450 3451 tionibus
503 3412 635 3463 121,
667 3393 754 3452 ita
795 3407 864 3454 ut
907 3415 1164 3454 ascensu
1210 3394 1428 3456 ultimo
1469 3396 1849 3456 ⁴describeret
1892 3417 2100 3455 arcum
2145 3395 2478 3475 digitorum
2526 3410 2610 3475 3313.

181 3484 250 3545 Si
280 3487 481 3564 primo
510 3487 811 3548 descensu
843 3490 1170 3570 descripsit
1198 3513 1406 3551 arcum
1438 3493 1773 3573 digitorum
1813 3505 1971 3567 octo,
2006 3493 2333 3563 sexdecim,
2367 3492 2615 3571 triginta

179 3581 443 3642 duorum
472 3582 573 3643 vel
603 3586 929 3666 sexaginta
958 3601 1254 3666 quatuor;
1300 3589 1507 3651 amisit
1545 3603 1831 3650 octavam
1863 3603 2066 3650 motus
2107 3586 2610 3668 partem-oscilla-

180 3677 451 3738 tionibus
499 3684 596 3755 69,
646 3681 777 3757 35215
828 3682 952 3757 18÷,
1003 3684 1091 3768 9}
1142 3687 1500 3765 respective.
1598 3687 1796 3767 Igitur
1840 3687 2184 3747 differentia
2229 3686 2387 3744 inter
2435 3704 2610 3743 arcus

181 3773 482 3835 descensu
544 3778 743 3855 primo
796 3779 855 3839 &
906 3802 1164 3842 ascensu
1218 3783 1433 3843 ultimo
1493 3784 1848 3862 descriptOS,
1897 3796 2028 3843 erat
2082 3783 2139 3841 in
2200 3803 2341 3840 casu
2395 3781 2607 3858 primo,
