2852 4250
237 849 778 941 ad²nn4²⁷²'

1089 103 1091 105 ’
1113 94 1370 147 LIBER
1390 96 1702 149 SECUND
1711 97 1838 149 USJ‘
2562 107 2640 164 26
2651 124 2673 164 1

238 287 258 302 Γ
276 265 283 279 “
301 267 326 273 ’“
362 261 630 324 Proinde
672 262 729 322 si
765 278 988 340 corpus
1024 259 1113 320 'de
1156 257 1294 320 loco
1335 259 1405 318 A
1455 258 1799 319 secundum
1842 267 2084 320 rectam·
2122 261 2192 320 A
2215 262 2304 321 H
2343 264 2684 343 projectum

242 360 555 420 describat
597 356 1004 439 hyperbolam
1045 357 1115 417 A
1149 356 1210 416 G
1229 356 1318 427 K,
1365 355 1427 416 8c
1470 356 1540 415 A
1568 356 1656 415 H
1682 351 2298 434 'producta’occurrat
2326 374 2684 439 asymptoto

240 458 328 518 N
339 459 416 517 X
460 458 523 518 in
565 457 659 529 H,
704 468 967 536 actaque
1015 455 1084 515 A
1108 455 1158 514 J
1199 453 1405 514 eidem
1449 450 1742 532 parallela
1781 465 2063 513 occurrat
2112 452 2287 513 alteri
2330 470 2685 536 asymptoto

243 556 342 615 Μ
345 556 424 615 Χ
463 555 527 615 in
569 555 665 616 I.»
693 554 811 615 erit
852 553 1043 614 medii
1086 551 1362 612 densitas
1392 551 1455 610 in
1500 550 1570 610 A
1620 550 1932 630 reciproce
1978 556 2048 610 ut
2091 535 2159 610 A
2185 551 2279 622 H,
2313 550 2374 611 &
2412 558 2686 633 corporis

821 652 891 711 A
919 651 1002 711 H
1013 672 1054 730 q

871 752 940 811 A
968 751 1015 811 I
1043 774 1046 776 ·

762 901 825 941 1n
854 880 923 940 A
946 880 1003 940 J.
1100 864 1294 940 Unde
1323 878 1635 958 prodeunt
1663 891 1996 958 sequentes
2027 878 2274 962 regulae.
2347 962 2350 965 Ι

242 698 543 761 velocitas
594 712 664 759 ut
726 696 798 775 ,Ι
1070 744 1084 768 ,
1115 717 1189 756 ac
1226 694 1578 756 resistentia
1621 694 1851 754 ibidem
1896 694 1976 754 ad
2011 695 2386 776 gravitatem
2416 710 2485 759 ut
2512 702 2581 761 A
2609 701 2696 763 H

454 949 619 1002 ⁷242

347 1032 495 1112 Reg.
568 1051 614 1094 1.
676 1031 747 1092 Si
805 1038 1089 1091 servetur
1145 1041 1279 1090 tum
1339 1029 1528 1089 medii
1586 1029 1864 1089 densitas
1929 1030 1991 1089 in
2048 1031 2139 1103 A,
2200 1044 2332 1093 tum
2390 1033 2685 1099 velocitas

236 1149 502 1209 quacum
550 1149 774 1208 corpus
821 1127 1152 1208 projicitur,
1204 1125 1265 1186 &
1323 1138 1596 1186 mutetur
1652 1115 1917 1207 angulus
1974 1127 2059 1187 N
2073 1128 2141 1187 A
2164 1129 2251 1188 H
2258 1155 2284 1201 ‚·
2347 1134 2688 1195 manebunt

234 1226 656 1308 longitudines
685 1227 755 1286 A
779 1226 872 1298 H,
904 1226 972 1285 A
995 1226 1052 1296 J,
1085 1225 1268 1285 ΗΧ.
1297 1238 1300 1242 ’
1391 1224 1671 1304 Ideoque
1701 1226 1753 1285 si
1785 1224 2204 1306 longitudines
2236 1227 2354 1289 illae
2386 1231 2447 1290 in
2477 1230 2686 1312 aliquo

228 1347 381 1398 ,casu
413 1324 822 1395 inveniantur,
856 1320 1199 1404 hyperbola
1245 1322 1540 1402 deinceps
1589 1344 1669 1383 ex
1719 1323 1868 1384 dato
1905 1324 2127 1403 quovis
2158 1325 2387 1407 angulo
2415 1329 2501 1388 N
2516 1331 2583 1389 A
2608 1332 2696 1390 H

233 1423 527 1502 expedite
557 1422 955 1482 determinari
986 1433 1209 1501 potest.

345 1520 494 1599 Reg.
549 1539 599 1581 2.
649 1519 719 1580 Si
763 1531 1047 1582 servetur
1090 1531 1222 1579 tum
1267 1516 1531 1599 angulus
1574 1518 1660 1578 N
1676 1519 1744 1578 A
1774 1519 1865 1590 Is,
1899 1531 2031 1579 tum
2076 1521 2263 1580 medii
2301 1521 2576 1586 densitas
2623 1527 2683 1587 in

232 1618 301 1678 A
311 1611 328 1689 ,’
351 1616 412 1677 &
441 1629 714 1676 mutetur
737 1615 1033 1677 velocitas
1064 1636 1330 1695 quacum
1362 1636 1584 1694 corpus
1614 1616 1955 1697 projicitur;
1986 1617 2334 1678 servabitur
2362 1618 2687 1703 longitudo

231 1720 299 1779 A
324 1719 417 1791 H,
451 1717 512 1779 &
541 1719 880 1780 mutabitur
906 1719 974 1779 A
1004 1719 1053 1778 I
1090 1718 1152 1778 in
1182 1715 1495 1797 duplicata
1525 1717 1762 1778 ratione
1792 1715 2138 1779 velocitatis
2169 1720 2494 1801 reciproce.

342 3285 491 3366 Reg.
543 3305 597 3363 3.
647 3284 717 3346 Si
765 3296 894 3344 tam
937 3277 1203 3362 angulus
1248 3277 1412 3338 NA
1437 3276 1530 3349 H,
1577 3297 1766 3356 quam
1814 3277 2090 3357 corporis
2138 3275 2434 3338 velocitas
2483 3273 2544 3333 in
2590 3271 2679 3341 A,

231 3383 632 3463 gravitasque
678 3379 1076 3442 acceleratrix
1121 3387 1418 3446 servetur,
1474 3374 1535 3434 &
1581 3375 1903 3453 proportio
1947 3375 2314 3435 resistentiae
2361 3374 2423 3434 in
2480 3371 2547 3430 A
2599 3368 2680 3428 ad

227 3480 604 3560 gravitatem
662 3479 983 3540 motricem
1055 3486 1359 3555 augeatur
1430 3472 1492 3532 in
1566 3473 1806 3532 ratione
1878 3493 2282 3552 quacunque;
2354 3467 2681 3550 augebitur

228 3576 550 3656 proportio
578 3577 646 3637 A
676 3577 763 3637 H
783 3575 864 3635 ad
893 3574 961 3633 A
985 3573 1034 3632 I
1068 3572 1130 3631 in
1160 3570 1382 3631 eadem
1413 3569 1666 3641 ratione,
1700 3583 1992 3630 manente
2021 3567 2341 3648 parabolae¹
2362 3564 2676 3646 praedictae

225 3720 420 3784 latere
470 3733 655 3798 recto,
710 3721 894 3800 eique
944 3713 1387 3799 proportionali
1444 3711 1833 3794 longitudine
1896 3667 2123 3826 AAIJJq
2161 3738 2180 3774 .·
2243 3712 2303 3772 &
2346 3720 2676 3790 propterea
