2846 4224
149 105 236 164 60
753 175 756 179 *
983 97 1100 149 DE
1132 98 1212 149 M
1207 98 1372 150 OTU
1402 97 1710 150 CORPOR
1722 97 1848 149 ΠΜ

149 268 214 332 &
271 268 371 331 vis
429 267 781 349 centripeta
837 266 1009 349 potis
1072 266 1157 329 sit
1213 264 1446 329 eodem
1510 277 1814 347 tempore·
1865 286 2096 348 corpus
2164 264 2337 329 idem
2402 287 2669 334 movere
2695 259 2725 281 ⁵

148 390 266 452 per
308 368 586 451 spatium
633 367 692 445 Q
711 368 784 430 R
801 394 820 431 .-
865 366 1228 430 movebitur
1271 365 1395 449 hoc
1437 387 1667 447 corpus
1714 364 1777 427 in
1831 366 2053 429 conica
2104 364 2320 450 aliqua
2363 369 2664 446 sectione,
2749 427 2755 431 ,

148 526 328 611 cujus
370 486 536 587 latus
581 535 824 587 rectum
867 520 1214 607 principale
1250 534 1349 585 est
1389 521 1711 605 quantitas
1748 519 1853 585 illa
1892 468 2092 650 ἐξ,
2126 546 2277 608 quae
2309 522 2535 590 ultimo
2572 525 2661 602 fit,
2755 573 2761 583 .

149 676 259 739 ubi
302 673 551 739 lineolae
595 675 764 750 PR,
813 675 960 753 QR
1007 674 1072 736 in
1125 673 1443 737 infinitum
1494 672 1952 737 diminuuntur.
2069 672 2393 737 Circulum
2447 675 2510 738 in
2564 675 2687 740 his.
2765 698 2771 706 ·

147 774 489 839 corollariis
548 774 754 838 refero
811 774 897 837 ad
955 772 1245 857 ellipsin;
1311 773 1374 836 &
1433 795 1652 835 casum
1712 773 1979 857 excipio,
2034 774 2144 838 ubi
2203 796 2436 858 corpus
2468 789 2668 840 -recta
2766 835 2770 843 .

148 876 482 941 descendit
509 875 595 938 ad
626 863 928 938 centrum.
2646 888 2648 890 ’

477 1099 1124 1163 PROPOSITIO
1190 1099 1399 1162 XIV.
1515 1098 2133 1163 THEOREMA
2198 1101 2332 1165 VI.

148 1256 236 1320 Si
256 1263 517 1339 corpora
531 1257 742 1338 plura
772 1256 1184 1319 revolvantur
1208 1256 1374 1318 circa
1403 1263 1687 1318 centrum
1715 1278 2048 1335 commune,
2086 1258 2171 1325 <⁰9³
2199 1257 2295 1321 vis
2328 1259 2666 1342 centripeta

230 1358 318 1421 sit
358 1357 654 1439 reciproce
695 1356 768 1419 in
811 1357 1131 1440 duplicata
1176 1358 1422 1419 ratione
1460 1357 1783 1420 distantiae
1823 1359 2098 1422 locorum
2142 1381 2185 1422 a
2226 1367 2434 1423 centro
2451 1387 2480 1435 ,·
2533 1361 2666 1425 dico
2713 1430 2725 1442 ,
2769 1407 2774 1412 -

230 1460 401 1543 quod
449 1458 697 1522 orbium
756 1459 958 1522 latera
1017 1466 1183 1521 recta
1232 1459 1634 1542 principalia
1697 1468 1853 1522 sunt
1916 1460 1988 1523 in
2044 1460 2367 1544 duplicata
2424 1463 2673 1527 ratione
2742 1463 2752 1470 ’

231 1582 548 1637 arearum,
603 1582 761 1642 quas
818 1567 1078 1642 corpora
1137 1560 1344 1624 radiis
1400 1561 1494 1623 ad
1541 1570 1827 1624 centrum
1883 1560 2089 1625 ductis
2144 1562 2342 1626 eodem
2401 1570 2670 1647 tempore

230 1660 597 1723 describunt.

265 1814 440 1877 Nam
474 1813 614 1899 (per
648 1813 819 1879 corol
855 1836 906 1880 2.
940 1837 1117 1899 prop.
1153 1817 1319 1901 xm.)
1357 1817 1523 1882 latus

1149 1974 1162 1987 .
1266 1976 1279 1989 .
1322 1920 1499 2017 Qq
2523 1899 2577 1942 R
2663 2007 2667 2010 ,

145 1984 385 2034 rectum
421 1973 483 2034 L
528 1971 775 2055 aequale
814 1985 914 2035 est
943 1987 1282 2056 quantltatl
1338 2026 1397 2103 Q
1416 2027 1518 2088 R,
2488 1972 2609 2108 ι
2636 2059 2649 2072 .

145 2145 290 2205 quae
320 2122 544 2187 ultimo
582 2122 669 2199 fit,
702 2124 811 2186 ubi
844 2137 1077 2187 coeunt
1105 2139 1343 2208 puncta
1363 2128 1430 2189 P
1462 2127 1524 2190 8c

144 2224 222 2301 Q.
273 2223 407 2287 Sed
427 2222 595 2287 linea
613 2224 877 2287 minima
902 2226 1039 2303 QR
1061 2226 1213 2290 dato
1233 2240 1522 2310 tempore

141 2336 242 2387 est
270 2337 342 2387 ut
371 2325 470 2387 vis
509 2325 861 2408 centripeta
896 2348 1229 2410 generanS,
1264 2328 1385 2391 hoc
1424 2343 1524 2393 est

148 2423 288 2509 (per
345 2424 756 2510 hypothesin)
820 2426 1141 2509 reciproce
1188 2441 1260 2491 ut
1312 2431 1371 2493 S
1382 2432 1519 2515 Pq.

362 2528 419 2605 Q
443 2527 508 2589 T
503 2551 544 2610 q

373 2634 432 2711 Q
456 2635 525 2696 R

141 2734 308 2798 latus
343 2748 584 2798 rectum
614 2738 675 2799 L
712 2737 776 2799 in
807 2736 1130 2821 duplicata
1160 2741 1406 2806 ratione
1436 2766 1604 2810 areae
1641 2748 1701 2826 Q
1732 2750 1798 2812 Τ
1812 2770 1854 2813 ><
1879 2751 1939 2813 S
1948 2753 2029 2817 P.
2127 2755 2204 2832 Q.
2228 2757 2313 2821 E.
2336 2758 2424 2822 D.

268 2837 470 2899 Corol.
526 2837 702 2900 Hinc
747 2836 1044 2922 ellipseos
1089 2862 1241 2903 area
1284 2855 1435 2919 tota,
1471 2847 1660 2930 eique
1704 2853 2183 2935 proportionale
2227 2857 2666 2944 rectangulum

142 2938 262 3000 sub
307 2938 534 3001 axibus
579 2951 679 3001 est
724 2940 787 3001 in
835 2941 1081 3004 ratione
1141 2946 1498 3027 composita
1542 2972 1625 3012 ex
1669 2953 2117 3038 subduplicata
2160 2960 2407 3024 ratione
2449 2960 2665 3025 lateris
2739 2969 2742 2973 ’

143 3038 313 3113 recti,
362 3038 426 3101 ἃ
469 3040 714 3103 ratione
757 3043 1062 3124 temporis
1106 3046 1429 3126 periodici.
1526 3051 1832 3138 Namque
1883 3080 2035 3121 area
2079 3072 2216 3123 tota
2259 3075 2360 3125 est
2401 3076 2474 3126 ut
2517 3085 2667 3127 area

144 2584 326 2667 Ergo
565 2596 665 2646 est
685 2596 758 2647 ut
781 2584 840 2662 Q
863 2585 929 2646 T
923 2608 964 2668 q
986 2605 1029 2647 ><
1052 2586 1111 2648 S
1112 2587 1240 2670 Pq,
1266 2588 1388 2652 hoc
1411 2604 1526 2666 est,

144 3139 338 3217 QT><
362 3140 493 3215 SP,
541 3162 686 3223 quae
731 3141 883 3206 dato
935 3156 1224 3227 tempore
1276 3148 1668 3230 describitur,
1724 3157 1917 3222 ducta
1970 3159 2035 3222 in
2087 3173 2342 3245 tempus
2386 3163 2660 3246 periodi·
2731 3173 2735 3178 ’
2816 3171 2820 3239 ζ

142 3262 304 3302 CUm.

470 3395 1114 3463 PROPOSITIO
1179 3403 1351 3469 XV.
1463 3410 2086 3479 THEOREMA
2148 3417 2330 3484 VII.

140 3534 375 3600 Iisdem
387 3537 636 3619 positis,
667 3538 799 3602 dico
826 3542 997 3631 qnod
1026 3549 1303 3625 tempora
1322 3553 1652 3631 periodica
1679 3556 1752 3619 in
1781 3559 2101 3641 ellipsibus
2132 3569 2288 3625 sunt
2313 3562 2384 3626 in
2415 3564 2667 3631 ratione

870 3643 1303 3725 sesquiplicata
1333 3653 1652 3734 majorum
1680 3659 1918 3724 axium.

260 3792 565 3876 Namque
607 3794 747 3857 axis
791 3796 999 3859 minor
1041 3811 1141 3861 est
1185 3804 1432 3881 medius
1476 3814 1968 3894 proportionalis
2014 3817 2181 3882 in'ter
2221 3841 2412 3884 axem
2457 3822 2652 3907 majo·
2707 3842 2722 3850 ·

137 3915 272 3956 rem
326 3893 389 3957 &
435 3892 601 3958 latus
646 3908 903 3972 rectum,
950 3911 1146 3982 atque
1190 3901 1336 3968 ideo
1381 3913 1817 3998 rectangulum
1862 3919 1986 3981 sub
2029 3919 2256 3984 axibus
2301 3935 2402 3986 est
2445 3922 2509 3986 in
2555 3944 2650 3987 ra-
