2852 4250
1061 106 1299 154 LJBER
1330 106 1645 156 SECUND
1654 107 1752 157 os,
2155 138 2158 140 v
2503 119 2622 192 287

88 279 91 281 ’
192 278 565 349 apparenter
589 266 807 348 gravia
835 264 935 326 vel
979 265 1156 339 levia,
1205 267 1266 327 ἃ
1309 288 1523 327 eorum
1565 269 1841 348 gravitas
1892 268 1991 329 vel
2042 269 2261 332 levitas
2312 294 2621 355 compara-

78 399 90 451 5
192 367 323 430 tiva
351 365 413 426 &
440 383 747 452 apparens
776 375 873 423 est
901 383 1192 424 excessus
1221 362 1321 424 vel
1353 363 1630 424 defectus
1661 386 1786 444 quo
1809 385 1958 424 vera
1987 386 2201 426 eorum
2229 369 2502 447 gravitas
2523 372 2623 432 vel

102 513 105 518 .
193 473 444 542 superat
470 459 843 540 gravitatem
873 481 1055 539 aquae
1084 459 1184 521 vel
1229 461 1310 521 ab
1361 482 1436 521 ea
1481 474 1820 540 superatur.
1916 460 2257 541 Quae‘vero
2292 485 2421 524 vnec
2471 487 2623 544 prae-

188 558 512 642 gravando
562 555 964 628 descendunt,
1019 577 1134 617 nec
1181 557 1598 637 praegravanti
1652 557 1933 618 cedendo
1977 560 2334 633 ascendunt,
2388 563 2626 624 etiamsi

94 715 99 719 .
190 657 354 719 veris
398 655 525 716 suis
568 654 947 734 ponderibus
998 654 1352 734 adaugeant
1394 654 1640 733 pondus
1692 653 1899 726 totiuS,
1952 658 2371 735 comparative
2421 650 2626 720 tamen

193 754 254 816 &
283 754 345 814 in
375 773 560 814 sensu
591 749 762 832 vulgi
794 772 918 812 non
947 750 1262 831 gravitant
1291 750 1352 809 in
1383 771 1561 830 aqua.
1659 750 1826 810 Nam
1851 751 2084 812 'similis
2130 766 2225 814 est
2268 754 2486 815 horum
2531 777 2626 816 ca-

67 848 69 850 *
110 929 116 934 .
192 872 372 913 suum
402 849 863 910 demonstratio.

307 950 507 1010 Corol.
560 964 609 1025 7.
660 947 823 1024 Quae
852 946 934 1007 de
975 945 1283 1027 gravitate
1323 945 1840 1018 demonstrantur,
1887 947 2169 1008 obtinent
2213 949 2274 1008 in
2319 948 2452 1009 aliis
2496 951 2626 1029 qui—
2720 935 2724 938 ⁴

190 1049 553 1126 buscunque
583 1045 816 1106 viribus
852 1043 1226 1123 centripetiS.

307 1145 500 1206 Corol.
571 1146 624 1204 8.
701 1141 969 1203 Proinde
1026 1142 1078 1202 si
1138 1141 1453 1226 medium,⁴
1484 1142 1544 1201 in
1598 1164 1723 1221 quo
1767 1164 1989 1221 corpus
2034 1142 2283 1222 aliquod
2329 1157 2627 1217 movetur,

188 1255 481 1325 urgeatur
507 1240 608 1302 vel
639 1262 677 1301 a
703 1240 1012 1322 gravitate
1042 1238 1305 1318 propria,
1331 1237 1432 1298 vel
1464 1239 1544 1298 ab
1595 1238 1715 1299 alia
1758 1261 2129 1319 quacunque
2158 1241 2221 1300 vi
2273 1243 2627 1321 centripeta,

189 1341 251 1403 8t.
293 1362 516 1420 corpus
559 1339 640 1399 ab
684 1337 904 1399 eadem
949 1337 1012 1397 vi
1058 1349 1353 1417 urgeatur
1402 1335 1653 1408 fortius;
1721 1336 2070 1397 differentia
2120 1338 2345 1397 virium
2395 1351 2492 1399 est
2534 1340 2631 1399 vis

189 1438 293 1501 illa
349 1438 592 1512 motrix,
640 1458 828 1517 quam
881 1436 941 1495 in
993 1433 1491 1514 praecedentibus
1542 1433 2069 1512 propositionibus
2121 1448 2190 1494 ut
2233 1435 2360 1494 vim
2413 1436 2629 1495 centri-

190 1548 400 1617 petam
430 1534 972 1596 consideravimus,
1045 1533 1158 1594 Sin
1189 1553 1412 1611 corpus
1443 1553 1481 1591 a
1502 1531 1566 1591 vi
1598 1530 1700 1592 illa
1729 1546 2022 1613 urgeatur
2050 1531 2263 1605 leviu5,
2290 1533 2635 1594 differentia

189 1634 413 1695 virium
443 1655 557 1713 pro
586 1633 649 1693 vi
681 1631 1023 1712 centrifuga
1053 1630 1265 1691 haberi
1297 1630 1502 1690 debet.

307 1732 503 1793 Corol.
555 1752 608 1807 9.
661 1731 822 1791 Cum
853 1742 1061 1789 autem
1094 1728 1284 1788 fluida
1313 1727 1656 1807 premendo
1687 1749 1945 1807 corpora
1978 1727 2210 1788 inclusa
2241 1749 2364 1789 non
2395 1740 2635 1788 mutent

191 1851 406 1892 eorum
435 1830 664 1911 figuras
694 1840 998 1898 externaS,
1024 1839 1198 1906 patet
1228 1826 1481 1905 insuper
1514 1824 1650 1907 (per
1682 1825 2066 1887 corollarium
2099 1848 2270 1906 prop.
2300 1826 2438 1907 XIX)
2466 1826 2633 1905 quod

192 1948 315 1989 non
361 1927 688 1987 mutabunt
737 1926 923 1986 situm
976 1925 1242 2004 partium
1296 1926 1673 1984 internarum
1735 1924 1893 1983 inter
1950 1946 2057 1984 se:
2125 1924 2523 2003 proindeque,
2582 1924 2632 1983 si

192 2025 480 2086 animalia
510 2026 968 2106 immergantur,
1004 2023 1064 2084 &
1095 2023 1368 2084 sensatio
1398 2023 1600 2084 omnis
1631 2044 1668 2081 a
1699 2036 1869 2082 motu
1901 2023 2167 2101 partium
2213 2023 2474 2094 oriatur;
2521 2042 2635 2081 nec

190 2121 420 2184 laedent
450 2144 708 2202 corpora
738 2122 1042 2193 immersa,
1077 2143 1190 2182 nec
1234 2121 1653 2182 sensationem
1699 2118 1885 2179 ullam
1927 2120 2298 2191 excitabunt,
2338 2120 2451 2178 nisi
2484 2140 2631 2198 qua-

191 2234 371 2282 tenus
415 2221 549 2282 haec
593 2241 853 2299 corpora
895 2241 933 2279 a
977 2219 1437 2299 compressione
1479 2218 1843 2278 condensari
1888 2230 2163 2297 possunt.
2260 2218 2346 2277 Et
2384 2238 2496 2296 par
2539 2229 2634 2276 est

194 2319 349 2380 ratio
387 2319 806 2399 cujuscunque
837 2339 1164 2397 corporum
1195 2317 1550 2397 systematis
1582 2316 1772 2377 fluido
1803 2316 2247 2394 comprimente
2278 2314 2630 2375 circundati.

193 2416 564 2496 Systematis
595 2427 802 2494 partes
832 2436 1050 2476 omnes
1083 2416 1302 2476 iisdem
1344 2415 1743 2496 agitabuntur
1786 2414 2070 2485 motibuS,
2113 2435 2183 2472 ac
2234 2413 2284 2472 si
2332 2413 2392 2471 in
2436 2434 2634 2472 vacuo

159 2508 725 2584 constituerentur,
758 2534 831 2573 ac
861 2511 1057 2574 solam
1099 2514 1436 2574 retinerent
1477 2512 1851 2593 gravitatem
1904 2532 2078 2571 suam
2131 2510 2630 2588 comparativam,

193 2612 309 2673 nisi
359 2624 665 2693 quatenus
716 2611 974 2671 fluidum
1026 2610 1127 2671 vel
1181 2612 1450 2672 motibus
1504 2632 1715 2671 earum
1761 2607 2035 2670 nonnihil
2083 2608 2341 2679 resistat,
2401 2606 2501 2667 vel
2553 2607 2632 2666 ad

193 2709 444 2771 easdem
475 2709 936 2790 compressione
966 2709 1485 2791 conglutinandas
1517 2709 1874 2788 requiratur.

450 2958 1081 3020 PROPOSITIO
1160 2959 1379 3020 XXI.
1497 2956 2094 3018 THEOREMA
2176 2955 2376 3014 XVI.

195 3123 301 3184 Sit
338 3123 546 3204 fluidi
589 3123 909 3203 cujusdam
966 3123 1231 3185 densitas
1285 3123 1711 3202 compressioni
1747 3119 2252 3201 proportionalis,
2303 3119 2384 3182 ἐπ’
2416 3125 2634 3196 partes

274 3222 411 3304 q‘us'
465 3246 506 3283 a
569 3224 638 3283 vi
691 3222 1019 3300 centripeta
1085 3222 1403 3282 distantiis
1460 3221 1589 3281 suis
1647 3242 1687 3280 a
1750 3226 1950 3279 centro
2022 3217 2309 3294 recipfflce
2370 3222 2629 3292 propor-

277 3321 502 3381 tionali
537 3321 814 3381 deorsum
858 3319 1231 3380 trahantur:
1273 3319 1401 3379 dico
1443 3318 1616 3399 quod,
1662 3317 1722 3377 si
1759 3315 2070 3375 distantiae
2123 3314 2250 3373 z'llae
2302 3319 2636 3372 sumantur

276 3419 556 3479 continue
580 3418 1092 3497 proportionaleS,
1138 3416 1458 3477 densitates
1480 3414 1689 3495 fluidi
1725 3415 1794 3474 in
1838 3411 2047 3472 iisdem
2089 3408 2402 3469 distantiis
2448 3414 2634 3467 erunt

276 3516 459 3577 etiam
487 3516 768 3576 continue
776 3515 1284 3595 proportionales.

309 3679 619 3761 Designet
645 3680 714 3739 A
752 3679 815 3738 T
839 3678 901 3738 V
930 3677 1191 3737 fundum
1222 3676 1591 3757 sphaericum
1622 3675 1717 3734 cui
1749 3672 2005 3732 fluidum
2037 3626 2361 3737 incumbit,
2394 3666 2450 3724 S
2486 3684 2625 3723 cen-

197 3789 375 3851 trum,
419 3777 583 3851 SA,
625 3777 680 3836 S
692 3777 773 3851 B,
818 3775 873 3834 S
891 3775 957 3846 C,
1001 3774 1154 3846 SD,
1199 3774 1255 3834 S
1268 3774 1351 3844 E,
1385 3774 1441 3831 S
1454 3774 1527 3843 F,
1562 3771 1668 3832 &e
1704 3767 2026 3829 distantias
2058 3765 2343 3865 continue
2375 3781 2624 3840 propor-
