2846 4224
1122 98 1375 148 LEGES
1405 100 1679 150 MOTUS.
2539 127 2611 188 ²5

178 265 326 330 lana
375 277 542 324 arcte
592 259 1054 343 conglomerata
1105 259 1166 321 &
1215 259 1454 320 fortiter
1502 261 1833 330 constricta
1874 262 1961 322 sic
2001 265 2251 325 tentavi.
2348 267 2619 330 Primum

2 385 22 410 ³
88 420 92 427 .
183 361 570 427 demittendo
613 356 884 440 pendula
929 357 990 418 8c
1032 357 1450 420 mensurando
1494 357 1908 430 reflexionem,
1956 359 2163 419 inveni
2215 359 2620 440 quantitatem

183 462 279 523 vis
330 459 598 522 elasticae
619 482 631 531 ;
684 455 912 517 deinde
959 476 1072 535 per
1116 455 1276 515 hanc
1325 455 1455 514 vim
1506 454 1915 516 determinavi
1967 457 2333 519 reflexiones
2359 461 2438 520 in
2489 462 2622 523 aliis

183 559 426 620 casibus
457 576 879 626 concursuum,
915 554 975 614 &
1006 552 1467 631 respondebant
1496 553 1934 631 experimenta.
2019 553 2346 615 'Redibant
2380 578 2626 637 semper

182 654 324 737 pilae
367 655 447 715 ab
491 653 755 714 invicem
800 673 941 712 cum
984 648 1313 711 velocitate
1366 647 1638 720 relativa,
1692 671 1834 729 quae
1885 663 2052 711 esset
2102 651 2182 712 ad
2233 651 2623 716 velocitatem

100 737 109 741 ,
183 752 503 815 relativam
547 771 880 813 concursus
924 761 994 809 ut
1041 766 1072 826 5
1121 748 1201 808 ad
1248 768 1285 823 9
1331 747 1583 808 circiter.
1680 747 1925 807 Eadem
1968 748 2098 809 fere
2128 770 2267 809 cum
2298 750 2626 815 velocitate

117 865 122 869 ’
183 850 466 912 redibant
516 848 658 929 pilae
709 870 788 909 ex
839 845 1139 927 chalybe:
1192 843 1330 905 aliae
1381 866 1460 904 ex
1519 845 1741 905 subere
1793 867 1933 906 cum
1993 845 2178 926 paulo
2225 849 2502 911 minore:
2563 851 2624 911 in

182 948 394 1008 vitreis
444 959 652 1007 autem
704 946 1021 1026 proportio
1072 957 1206 1005 erat
1265 961 1333 1022 15
1382 943 1462 1003 ad
1518 948 1589 1003 16
1638 944 1888 1005 circiter.
2011 945 2227 1026 Atque
2279 947 2397 1008 hoc
2443 962 2626 1028 pacto

182 1044 283 1106 lex
312 1045 492 1106 tertia
522 1044 727 1125 quoad
760 1045 914 1104 ictus
947 1042 1007 1103 &
1038 1043 1403 1103 reflexiones
1435 1062 1546 1122 per
1574 1041 1876 1103 theoriam
1907 1045 2308 1124 comprobata
2341 1060 2451 1120 est,
2485 1069 2626 1128 quae

182 1164 321 1204 curn
352 1142 733 1222 experientia
762 1140 945 1222 plane
975 1142 1272 1224 congruit.

299 1242 372 1301 In
417 1242 882 1302 attractionibus
928 1262 1058 1301 rem
1103 1240 1190 1300 sic
1241 1239 1514 1300 breviter
1555 1240 1835 1302 ostendo,
1959 1241 2338 1322 Corporibus
2382 1244 2626 1306 duobus

182 1341 503 1421 quibusvis
547 1341 636 1411 A,
681 1341 747 1399 B
789 1361 858 1400 se
902 1352 1118 1400 mutuo
1169 1338 1571 1410 trahentibuS,
1618 1339 1873 1419 concipe
1925 1339 2309 1400 obstaculum
2362 1343 2627 1421 quodvis

183 1439 504 1520 interponi,
551 1460 676 1519 quo
719 1458 1088 1520 congressus
1134 1458 1347 1497 eorum
1394 1436 1778 1516 impediatur.
1887 1437 1956 1498 Si
2002 1460 2223 1517 corpus
2267 1438 2631 1501 alterutrum

180 1539 249 1600 A
299 1538 498 1619 magis
542 1538 804 1598 trahitur
845 1558 1065 1598 versus
1110 1557 1333 1615 corpus
1378 1534 1642 1596 alterum
1685 1537 1764 1608 B,
1812 1558 1999 1615 quam
2054 1535 2202 1597 illud
2254 1537 2515 1599 alterum
2565 1541 2630 1599 B

182 1637 244 1701 in
274 1637 443 1717 prius
485 1638 575 1708 A,
608 1636 993 1698 obstaculum
1039 1634 1238 1716 magis
1282 1635 1601 1715 urgebitur
1644 1635 1963 1714 pressione
2008 1637 2279 1715 corporis
2323 1639 2391 1697 A
2442 1659 2629 1718 quam

182 1737 502 1817 pressione
546 1736 818 1816 corporis
849 1737 944 1805 B‚·
989 1733 1376 1814 proindeque
1422 1754 1545 1794 non
1593 1733 1868 1793 manebit
1912 1733 1973 1792 in
2011 1732 2368 1813 aequilibrio.
2467 1737 2627 1797 Prae-

181 1834 413 1897 valebit
463 1836 700 1916 pressio
750 1835 980 1905 fortior,
1035 1833 1342 1912 facietque
1401 1845 1470 1892 ut
1528 1846 1803 1912 systema
1861 1854 2186 1912 corporum
2246 1834 2508 1895 duorum
2570 1836 2630 1898 ἃ

181 1933 480 1995 obstaculi
512 1947 838 1995 moveatur
868 1933 928 1992 in
960 1932 1261 1992 directum
1295 1931 1355 1990 in
1388 1943 1595 2010 partes
1626 1952 1844 1991 versus
1874 1931 1954 2005 B,
1990 1944 2289 2012 motuque
2321 1933 2381 1992 in
2414 1935 2628 2013 spatiis

181 2031 387 2094 liberis
431 2055 680 2113 semper
722 2029 1063 2092 accelerato
1108 2030 1292 2089 abeat
1336 2029 1396 2088 in
1436 2028 1756 2089 infinitum.
1851 2028 2041 2105 Quod
2074 2043 2170 2090 est
2199 2031 2536 2092 absurdum
2569 2033 2629 2095 &

181 2129 305 2212 legi
357 2132 572 2211 primae
625 2131 1013 2195 contrarium.
1111 2127 1279 2187 Nam
1325 2148 1436 2206 per
1479 2125 1682 2207 legem
1735 2127 1999 2206 primam
2051 2129 2305 2190 debebit
2356 2144 2631 2210 systema

182 2252 581 2313 perseverare
642 2231 701 2290 in
761 2242 926 2289 statu
992 2247 1106 2286 suo
1172 2225 1529 2305 quiescendi
1595 2224 1694 2285 vel
1761 2226 2055 2285 movendi
2119 2227 2505 2289 uniformiter
2567 2230 2628 2290 in

181 2329 498 2399 directum,
565 2328 951 2408 proindeque
1016 2345 1275 2402 corpora
1339 2320 1660 2402 aequaliter
1722 2323 2033 2404 urgebunt
2095 2324 2496 2399 obstaculum,
2570 2327 2630 2388 81

85 2421 93 2426 ¹
182 2427 408 2488 idcirco
452 2425 773 2506 aequaliter
815 2425 1137 2485 trahentur
1181 2422 1241 2481 in
1289 2421 1572 2480 invicem.
1668 2416 1943 2480 Tentavi'
1985 2420 2102 2480 hoc
2148 2421 2207 2480 in
2247 2437 2537 2504 magnete
2569 2424 2629 2485 &

180 2523 357 2585 ferro,
450 2525 519 2585 Si
552 2524 684 2584 haec
717 2524 776 2583 in
809 2521 1073 2583 vasculis
1106 2520 1368 2600 propriis
1399 2540 1537 2579 sese
1568 2519 2068 2599 contingentibus
2105 2522 2362 2581 seorsim
2408 2523 2626 2601 posita,

183 2623 243 2683 in
295 2644 458 2702 aqua
515 2634 845 2702 stagnante
893 2621 1076 2701 juxta
1135 2619 1409 2690 fluitent;
1470 2629 1757 2676 neutrum
1816 2615 2122 2696 propellet
2179 2616 2455 2691 alterum,
2517 2621 2629 2681 sed

183 2719 537 2800 aequalitate
583 2719 966 2780 attractionis
1017 2718 1307 2796 utrinque
1359 2715 1753 2775 sustinebunt
1804 2729 2062 2776 conatus
2116 2716 2176 2776 in
2237 2738 2305 2778 se
2364 2732 2626 2791 mutuOS,

181 2839 253 2880 ac
282 2817 536 2879 tandem
568 2817 629 2876 in
661 2815 1006 2896 aequilibrio
1037 2816 1371 2877 constituta
1402 2814 1736 2893 quiescent.

293 2916 400 2978 Sic
443 2917 629 2977 etiam
659 2917 934 2997 gravitas
966 2916 1126 2977 inter
1169 2930 1394 2976 terram
1442 2914 1502 2973 &
1546 2914 1679 2994 ejus
1726 2925 1933 2992 partes
1980 2925 2194 2974 mutua
2239 2927 2349 2975 est.
2442 2915 2625 2977 Sece-

181 3028 281 3077 tur
322 3028 485 3076 terra
526 3017 597 3075 F
603 3016 651 3075 J
687 3014 874 3094 plano
918 3015 1141 3094 quovis
1185 3015 1253 3074 E
1276 3014 1335 3073 G
1387 3012 1447 3072 in
1497 3024 1703 3091 partes

182 3114 336 3176 duas
394 3115 609 3176 EGF
658 3113 718 3174 &
775 3114 1023 3174 EGJ:
1083 3112 1144 3174 Sc
1203 3109 1467 3191 aequalia
1524 3123 1705 3170 erunt

182 3212 398 3274 harum
436 3213 713 3292 pondera
742 3212 803 3271 in
827 3234 895 3272 se
920 3224 1150 3272 mutuo.
1248 3210 1416 3270 Nam
1441 3210 1491 3269 si
1516 3208 1703 3289 plano

181 3309 303 3372 alio
323 3312 482 3371 HK
497 3310 665 3390 quod
689 3311 874 3391 priori
898 3311 966 3371 E
971 3311 1030 3370 G
1053 3307 1413 3389 parallelum
1438 3307 1531 3379 sit,
1559 3329 1702 3386 pars

184 3409 380 3490 major
406 3410 474 3469 E
479 3410 586 3469 GJ
608 3422 852 3470 secetur
881 3409 941 3468 in
974 3422 1180 3488 partes
1211 3407 1368 3467 duas
1398 3407 1466 3466 E
1478 3406 1712 3466 GKH
1755 3443 1791 3481 „-

184 3505 245 3567 81
294 3507 514 3578 HKI,
561 3527 822 3586 quarum
866 3507 1031 3566 HK
1031 3507 1080 3566 J
1117 3503 1374 3584 aequalis
1419 3504 1500 3563 sit
1543 3503 1700 3582 parti

183 3603 351 3683 prius
381 3603 669 3664 abscissae
698 3605 833 3663 EF
831 3604 892 3664 G
910 3630 928 3664 .·
966 3602 1362 3662 manifestum
1394 3613 1491 3660 est
1534 3600 1702 3679 quod

184 3721 326 3779 pars
378 3701 583 3762 media
632 3702 700 3761 E
718 3701 965 3762 GKH
1009 3699 1285 3779 pondere
1339 3697 1589 3777 proprio
1642 3696 1702 3755 in

185 3811 464 3861 neutram
511 3800 776 3879 partium
822 3812 1237 3860 extremarum
1272 3795 1699 3876 propendebit,
