2846 4224
1085 115 1323 163 LIBER
1356 113 1662 166 PRIMUS.

2504 152 2583 207 99

73 316 85 334 .-
158 273 709 340 circumferentiam
786 274 847 333 G
864 274 998 345 bD,
1074 275 1340 356 ideoque
1412 277 1666 357 aequalis
1738 280 1967 362 angulo
2036 283 2096 343 G
2116 286 2149 344 b
2170 308 2251 356 a,·
2321 303 2587 370 suntque

74 392 81 430 j.
160 375 301 436 ideo
357 370 664 452 triangula
711 370 855 431 GP
879 371 952 446 Q,
1005 373 1182 432 Gab
1225 373 1479 446 similia;
1527 375 1588 435 &
1636 377 1696 436 G
1723 399 1762 436 a
1806 391 1902 438 est
1944 380 2023 439 ad
2075 383 2169 447 ab
2209 396 2277 443 ut
2328 385 2466 445 GP
2506 390 2586 448 ad

15 503 18 505 ·
62 525 65 529 .
156 472 339 548 PQ,·
382 472 445 531 id
488 483 585 531 est
619 469 721 551 (ex
764 471 1242 551 constructione)
1288 484 1358 532 ut
1405 473 1522 532 Ga
1564 474 1645 532 ad
1690 475 1758 532 A
1780 476 1858 536 B.
1979 477 2340 557 AEquantur
2383 483 2588 562 itaque

23 623 34 646 -.
155 571 253 631 ab
296 568 358 630 82.
398 568 467 628 A
489 568 556 627 B
570 593 595 637 ,·
656 567 717 627 &
760 580 1089 647 propterea
1132 568 1440 650 triangula
1480 571 1632 641 abc,
1678 572 1747 631 A
1770 573 1835 631 B
1859 574 1922 644 C,
1955 595 2095 653 quae
2140 577 2328 637 modo
2371 579 2591 641 similia

23 647 66 701 i?
156 688 293 738 esse
334 665 749 746 probavimus,
795 677 942 724 sunt
984 665 1172 725 etiam
1216 666 1493 746 aequalia.
1599 668 1806 739 Unde,
1854 691 1993 729 cum
2039 684 2297 752 tangant
2340 674 2592 755 insuper

27 798 30 802 ⁴
154 761 439 844 trianguli
496 762 658 822 DE
670 763 741 821 F
786 761 995 843 anguli
1049 763 1132 833 D,
1164 764 1245 833 E,
1298 765 1369 822 F
1414 764 1702 846 trianguli
1760 767 1899 825 abc
1954 766 2148 827 latera
2203 770 2312 840 ab,
2358 793 2457 842 ae,
2506 774 2590 832 bc

98 861 129 867 ”
155 860 510 940 respective,
571 858 864 939 compleri
924 873 1131 940 potest
1203 861 1401 942 figura
1456 864 1525 922 A
1549 864 1614 922 B
1641 864 1697 924 C
1712 863 1762 923 d
1778 886 1808 923 e
1809 863 1875 941 f
1917 864 2130 945 figurae
2188 888 2228 926 a
2251 868 2284 926 b
2305 890 2334 927 c
2355 870 2425 927 D
2446 871 2514 929 E
2531 871 2601 929 F

154 955 365 1019 similis
397 956 457 1017 8c
485 955 756 1036 aequaliS,
789 970 977 1037 atque
1007 979 1145 1018 eam
1176 958 1545 1038 complendo
1576 959 1852 1022 solvetur
1880 962 2212 1040 problema.
2306 965 2379 1039 Q.
2403 967 2483 1027 E.
2510 968 2585 1027 F.

271 1054 465 1114 Corol.
505 1054 688 1114 ·Hinc
719 1068 885 1115 recta
914 1054 1054 1114 duci
1084 1068 1293 1134 potest
1335 1058 1507 1138 cujus
1551 1070 1758 1136 partes
1803 1059 2187 1140 longitudine
2217 1062 2380 1123 datae
2411 1065 2591 1123 rectis

156 1151 349 1212 tribus
406 1151 714 1231 positione
772 1153 933 1213 datis
994 1154 1456 1234 interjacebunt.
1579 1157 1856 1236 Concipe
1908 1157 2282 1239 triangulum
2340 1162 2496 1220 DE
2514 1163 2587 1233 F,

155 1261 384 1330 puncto
420 1250 493 1308 D
520 1249 600 1309 ad
631 1248 790 1310 latus
820 1252 889 1310 E
908 1251 977 1310 F
1009 1252 1359 1324 accedente,
1394 1253 1455 1313 8c
1484 1252 1777 1315 lateribus
1821 1255 1988 1326 DE,
2021 1257 2177 1315 DF
2198 1257 2258 1316 in
2289 1258 2590 1319 directum

42 1405 47 1409 .
154 1345 385 1427 positiS,
418 1347 639 1406 mutari
685 1347 746 1406 in
792 1346 1018 1408 lineam
1064 1363 1310 1421 rectam,
1337 1351 1510 1431 cujus
1541 1373 1684 1431 pars
1715 1352 1862 1412 data
1890 1354 2047 1412 DE
2074 1355 2254 1413 rectis
2286 1356 2591 1434 positione

156 1443 316 1505 datis
351 1444 419 1503 A
446 1444 525 1515 B,
570 1445 639 1503 A
673 1445 738 1515 C,
787 1444 847 1505 &
877 1467 1020 1524 pars
1064 1447 1212 1507 data
1254 1450 1416 1508 DF
1449 1451 1629 1510 rectis
1675 1450 1982 1529 positione
2026 1450 2187 1510 datis
2233 1452 2300 1510 A
2326 1453 2405 1523 B,
2450 1453 2515 1511 B
2544 1453 2600 1513 C

154 1542 458 1622 interponi
489 1542 714 1615 debet;
762 1541 823 1602 &
866 1543 1237 1623 applicando
1281 1547 1800 1607 constructionem
1832 1548 2287 1628 praecedentem
2318 1550 2398 1609 ad
2430 1550 2592 1611 hunc

154 1661 365 1702 casum
394 1638 670 1701 solvetur
698 1641 1031 1720 problema.

368 1879 990 1942 PROPOSITIO
1071 1883 1450 1944 XXVIII.
1549 1883 2109 1944 PROBLEMA
2192 1886 2361 1946 XX.

164 2030 228 2090 T
218 2031 602 2111 rajectoriam
659 2032 840 2109 specie
897 2033 978 2096 ὥ*
1035 2033 1461 2112 magnitudine
1513 2035 1724 2093 datam
1770 2035 2102 2109 describere,
2163 2037 2337 2116 cnjus
2378 2045 2595 2116 partes

587 2129 749 2188 dalae
775 2130 948 2190 rectis
977 2131 1174 2190 tribus
1186 2130 1489 2209 positione
1513 2131 1676 2191 datz’s
1703 2131 2152 2211 interjacebant.

271 2293 700 2354 Describenda
729 2294 809 2354 sit
831 2294 1193 2375 trajectoria,
1227 2315 1368 2373 quae
1413 2295 1493 2354 sit
1536 2293 1751 2355 similis
1784 2295 1843 2355 &
1874 2296 2130 2376 aequalis
2175 2296 2354 2358 lineae
2386 2319 2591 2358 curvae

155 2391 310 2451 DE
327 2393 400 2464 F,
434 2413 702 2471 quaeque
749 2413 786 2451 a
846 2393 1026 2451 rectis
1071 2393 1266 2451 tribus
1325 2393 1392 2451 A
1417 2393 1495 2464 B,
1554 2393 1623 2453 A
1655 2393 1719 2464 C,
1766 2395 1830 2452 B
1859 2395 1915 2454 C
1952 2387 2258 2473 positione
2303 2396 2480 2469 datis,
2531 2396 2590 2454 in

156 3408 361 3476 partes
403 3395 566 3456 datis
609 3394 791 3476 hujus
821 3395 1099 3474 partibus
1128 3396 1200 3455 D
1220 3396 1289 3454 E
1317 3395 1378 3455 ἃ
1406 3397 1476 3455 E
1493 3398 1564 3456 F
1582 3397 1813 3459 similes
1859 3398 1919 3459 8c
1950 3399 2222 3480 aequales
2266 3401 2583 3461 secabitur.

174 3500 178 3502 ’
268 3493 415 3576 Age
457 3506 654 3555 rectas
696 3493 868 3565 DE,
910 3494 979 3552 E
998 3495 1071 3566 F,
1117 3495 1284 3568 DF,
1334 3493 1394 3555 &
1437 3496 1725 3577 trianguli
1772 3498 1953 3579 hujus
1997 3499 2157 3558 DE
2170 3500 2241 3558 F
2272 3520 2436 3578 pone
2479 3519 2584 3557 an-

156 3589 336 3672 gulos
377 3593 463 3664 D,
506 3592 588 3663 E,
618 3592 688 3651 F
720 3591 801 3651 ad
846 3604 1044 3652 rectas
1089 3590 1222 3652 illas
1267 3593 1574 3671 positione
1617 3594 1796 3655 datas
1845 3593 1981 3675 (per
2029 3593 2166 3655 lem.
2217 3594 2395 3674 XXVI)
2443 3594 2586 3654 dein

155 3689 314 3751 circa
382 3687 754 3770 triangulum
825 3688 1106 3749 describe
1171 3690 1582 3770 trajectoriam
1654 3712 1861 3751 curvae
1919 3693 1991 3750 D
2010 3693 2079 3751 E
2097 3693 2167 3750 F
2205 3690 2466 3751 similem
2526 3689 2585 3749 &

156 3783 474 3867 aequalem.
566 3786 641 3860 Q.
666 3787 746 3847 E.
770 3788 843 3848 F.
