2846 4224
102 171 105 174 .
158 129 240 202 46
985 123 1102 172 DE
1134 123 1373 175 MOTU
1405 121 1847 175 CORPORUM

568 413 1238 504 ‘PROPOSITIO
1301 413 1387 476 V.
1516 407 2103 474 PROBLEMA
2172 407 2225 470 Ι.

157 600 339 662 Data
396 599 857 682 quibuscunque
908 599 979 661 in
1041 599 1186 662 locis
1244 598 1568 674 velocitate,
1629 618 1756 679 qua
1813 601 2036 676 corpus
2073 592 2376 675 figuram
2447 593 2665 656 datam

282 714 524 777 viribus
608 713 700 775 ad
777 735 1093 776 commune
1175 714 1439 798 aliquod
1523 721 1816 776 centrum·
1896 707 2281 771 tendentibus
2362 707 2668 786 describit,

284 838 567 893 centrum
627 829 803 891 illud
845 829 1139 892 invenire.

275 1015 585 1098 Figuram
617 1013 1000 1095 descriptam
1034 1025 1302 1097 tangant
1325 1025 1513 1076 rectae
1538 1026 1666 1075 tres
1696 1011 1763 1073 Ρ
1792 1011 1862 1085 Τ,
1908 1011 1974 1073 Τ
1983 1010 2042 1088 Q
2080 1010 2151 1084 V,
2201 1010 2342 1073 VR
2363 1010 2437 1072 ·in
2469 1031 2689 1092 punc--

156 1116 237 1177 tis
290 1114 556 1177 totidem
601 1114 680 1187 Ρ,
720 1114 792 1190 Q,
839 1116 923 1188 R,
958 1128 1403 1177 concurrentes
1457 1115 1519 1176 in
1579 1114 1645 1175 T
1680 1112 1742 1175 &
1802 1112 1873 1175 V.
1999 1110 2112 1173 Ad
2158 1124 2497 1194 tangentes
2542 1111 2659 1173 eri-

154 1229 388 1300 gantur
417 1213 867 1297 perpendicula
895 1215 1071 1292 PA,
1111 1215 1266 1292 QB,
1299 1217 1368 1278 R
1394 1216 1453 1278 C
1488 1214 1932 1278 velocitatibus
1978 1213 2259 1295 corporis
2306 1213 2369 1274 in
2415 1211 2667 1294 punctis

157 1316 275 1379 illis
327 1317 406 1389 Ρ,
460 1316 535 1392 Q,
589 1317 673 1389 R,
724 1338 763 1377 a
807 1316 1039 1398 quibus
1085 1316 1427 1399 eriguntur,
1476 1315 1796 1397 reciproce
1855 1310 2354 1397 proportionalia
2375 1336 2391 1388 ;
2440 1312 2506 1374 id
2551 1324 2666 1386 est,

158 1418 245 1479 ita
274 1429 346 1478 ut
375 1416 457 1478 sit
484 1416 636 1477 PA
673 1416 756 1477 ad
791 1416 935 1492 QB
978 1430 1049 1478 ut
1092 1416 1396 1479 velocitas
1443 1417 1505 1478 in
1555 1417 1614 1494 Q
1660 1416 1743 1478 ad
1782 1413 2187 1478 velocitatem
2220 1413 2283 1475 in
2314 1413 2394 1487 P,
2429 1411 2492 1475 &
2525 1412 2672 1489 QB
2769 1429 2776 1437 ·

157 1518 241 1580 ad
270 1519 339 1580 R
368 1518 426 1579 C
450 1530 520 1579 ut
549 1515 851 1580 velocitas
884 1518 947 1579 in
977 1519 1046 1579 R
1076 1518 1158 1579 ad
1191 1516 1594 1581 velocitatem
1628 1517 1689 1579 in
1725 1517 1801 1594 Q.
1915 1517 2039 1579 Per
2067 1511 2668 1598 perpendiculorum

157 1619 460 1682 terminos
507 1619 597 1693 A,
645 1620 725 1693 B,
790 1620 849 1682 C
899 1619 981 1681 ad
1042 1617 1310 1703 angulos
1370 1608 1577 1682 rectos
1630 1619 1944 1681 ducantur
1987 1618 2056 1679 A
2082 1618 2170 1691 D,
2217 1617 2374 1678 DB
2390 1615 2476 1690 E,
2523 1616 2595 1678 E
2615 1615 2675 1678 C

157 1733 601 1784 concurrentes
633 1720 696 1782 in
727 1722 801 1782 D
846 1720 908 1783 &
937 1722 1009 1783 E
1026 1747 1044 1783 .·
1167 1720 1257 1783 Et
1300 1733 1459 1783 actae
1519 1722 1584 1783 T
1594 1723 1682 1796 D,
1732 1722 1796 1783 V
1806 1721 1878 1783 E
1920 1730 2296 1783 concurrent
2341 1717 2405 1780 in
2451 1728 2671 1780 centro

157 1821 428 1904 quaesito
460 1821 527 1883 S.
2547 1883 2551 1887 .

280 1921 454 1982 Nam
484 1919 937 2002 perpendicula
975 1943 1015 1983 a
1045 1935 1263 1986 centro
1297 1924 1355 1986 S
1377 1925 1440 1987 in
1472 1936 1810 2010 tangentes
1840 1923 1906 1985 Ρ
1936 1921 2005 1996 T,
2043 1921 2101 1999 Q
2134 1920 2200 1983 T
2219 1919 2499 1983 demissa
2534 1917 2675 2004 (per

157 2020 343 2086 corol.
390 2043 437 2084 1.
474 2044 651 2103 prop.
698 2020 776 2106 1.)
827 2035 976 2084 sunt
1007 2024 1326 2106 reciproce

156 2137 227 2186 ut
256 2122 626 2186 velocitates
657 2125 937 2205 corporis
970 2125 1032 2186 in
1074 2127 1326 2207 punctis

154 2226 219 2286 Ρ
265 2224 326 2287 8(
381 2224 479 2301 Q;
530 2225 804 2307 ideoque
848 2248 965 2307 per
1008 2242 1325 2291 construc-

156 2326 395 2389 tionem
471 2339 543 2388 ut
625 2327 1082 2409 perpendicula
1146 2331 1217 2392 A
1244 2332 1323 2404 Ρ,

150 2427 296 2503 BQ
329 2427 581 2501 directe,
624 2428 687 2489 id
733 2443 832 2491 est
875 2443 947 2492 ut
990 2434 1327 2514 perpendi-

155 2525 297 2589 cula
354 2549 394 2589 a
451 2542 689 2609 puncto
740 2531 813 2591 D
866 2531 927 2592 in
989 2544 1326 2616 tangentes

155 2628 447 2691 demissa.
579 2630 789 2692 Unde
847 2630 1030 2694 facile
1090 2633 1326 2718 colligi-

155 2740 259 2789 tur
289 2728 461 2809 quod
507 2743 742 2810 puncta
775 2731 842 2805 S,
876 2733 962 2806 D,
1009 2734 1075 2794 T
1093 2748 1243 2796 sunt
1268 2736 1330 2797 in

158 2850 288 2890 una
311 2842 498 2892 recta.
620 2830 709 2892 Et
739 2830 928 2894 simili
953 2850 1334 2918 argumento

157 2943 394 3043 puncta
439 2931 506 3005 S,
553 2933 637 3006 E,
708 2934 772 2994 V
816 2948 965 2997 sunt
1009 2937 1201 2998 etiam
1257 2939 1318 3000 in
1366 2962 1494 3003 una
1538 2958 1709 3008 recta
1735 2973 1747 3022 ;
1798 2948 1859 3011 &
1903 2966 2244 3035 propterea
2289 2971 2576 3020 centrum
2630 2958 2689 3020 S

159 3052 221 3092 1n
254 3053 560 3093 concursu
592 3046 905 3096 rectarum
950 3037 1015 3097 T
1022 3038 1110 3111 D,
1160 3038 1224 3099 V
1233 3040 1306 3100 E
1332 3056 1636 3108 versatur.
1738 3048 1813 3125 Q.
1828 3051 1911 3114 E.
1926 3053 2013 3116 D.

552 3355 1197 3423 PROPOSITIO
1268 3362 1401 3427 VI.
1499 3366 2115 3441 THEOREMA
2187 3380 2275 3444 V.

159 3536 245 3599 Si
296 3546 520 3621 corpus
562 3539 635 3602 in
677 3542 879 3623 spatio
937 3565 1064 3606 non
1109 3547 1424 3612 resistente
1478 3552 1646 3615 circa
1703 3567 1988 3624 centrum
2046 3563 2357 3629 immobile
2411 3568 2483 3631 in
2540 3571 2684 3633 orbe

272 3677 631 3739 quocunque
701 3661 1080 3739 revolvatur,
1165 3665 1250 3731 <⁰9³
1320 3688 1543 3731 arcum
1614 3675 1893 3754 quemvis
1953 3677 2242 3761 jamjam
2328 3692 2674 3746 nascentem

272 3779 543 3854 tempore
595 3796 787 3855 quam
845 3777 1108 3841 minimo
1165 3780 1482 3862 describat,
1543 3787 1627 3853 ἐπ’
1683 3789 1923 3872 sagitta
1981 3813 2170 3855 arcus
2225 3795 2376 3858 duci
2436 3797 2672 3861 intelli-

257 3894 484 3968 gatur,
533 3910 672 3969 quae
726 3889 1022 3953 chordam
1081 3894 1298 3969 bisecet‚
1365 3898 1449 3963 δῖ
1492 3901 1810 3981 producta
1881 3911 2166 3969 transeat
2205 3917 2335 3993 per
2387 3919 2672 3974 centrum

2831 3351 2833 3354 '
2831 3030 2846 3308 *Anu—*Q
2837 2921 2846 3014 4⁴-
2838 2849 2846 2898 „⁴-
2835 2592 2846 2825 ...4—.u-.A.⁴.
2838 2497 2846 2564 ..4—
2836 2445 2846 2474 v-
2842 2374 2846 2378 .
2838 2260 2846 2275 ι.
2844 2182 2846 2187 .
2841 2116 2846 2124 .
2844 2092 2846 2094 ,
