2846 4250
82 162 85 165 .
158 113 279 195 508
863 112 869 118 ⁴
931 112 1048 161 DE
1081 111 1369 162 MUNDI
1394 110 1860 161 SYSTEMATE

148 265 419 349 nostras)
454 264 646 347 longa
675 274 813 325 erat
841 273 982 341 402²
1006 288 1018 338 ;
1051 285 1247 325 curva
1268 276 1483 325 autem
1507 275 1644 325 erat
1675 262 1738 325 &
1769 283 2060 325 convexo
2090 260 2288 325 latere
2318 263 2651 345 spectabat

147 368 228 429 ad
275 378 571 428 austrum.
695 364 860 426 Cum
910 361 1142 425 circulo
1189 385 1306 444 per
1352 361 1553 426 solem
1605 363 1666 425 &
1726 374 1919 444 caput
1963 375 2231 425 cometae
2279 375 2649 426 transeunte

145 465 446 550 angulum
478 464 748 527 confecit
775 464 1091 547 graduum
1123 484 1164 541 4
1185 464 1374 546 juxta
1419 477 1610 546 caput
1640 476 1910 526 cometae
1935 486 1947 536 ;
1998 475 2064 524 at
2088 461 2277 545 juxta
2308 455 2648 526 terminum

147 566 414 629 alterum
461 564 877 627 inclinabatur
919 565 1002 625 ad
1034 562 1334 626 circulum
1369 563 1542 626 illum
1589 565 1651 626 in
1699 562 1934 646 angulo
1976 582 2051 624 10
2084 560 2187 624 vel
2229 583 2294 623 11
2333 563 2651 646 graduum

148 668 210 730 ἃ
268 667 505 730 chorda
564 667 783 728 caudae
843 689 986 728 curn
1049 666 1281 729 circulo
1356 666 1462 730 illo
1522 667 1889 729 continebat
1955 663 2261 749 angulum
2334 668 2651 751 graduum

144 754 302 831 octo,
448 768 614 844 Jan.
714 787 784 845 13
871 766 1075 828 cauda
1149 766 1288 829 luce
1363 769 1517 830 satis
1593 766 1874 830 sensibili
1950 767 2411 829 terminabatur
2485 769 2651 832 inter

146 868 451 930 Alamech
483 867 544 928 &
574 868 644 928 A
654 867 792 948 ζξοί,
829 866 890 928 &
921 865 1061 929 luce
1093 869 1466 930 tenuissima
1497 868 1833 930 desinebat
1876 890 1914 930 e
1960 869 2221 951 regione
2266 869 2468 933 stellae
2512 897 2545 928 κ
2589 872 2653 933 in

144 968 339 1030 latere
369 967 599 1029 Persei.
729 969 1053 1030 Distantia
1099 970 1350 1031 termini
1398 970 1618 1031 caudae
1664 992 1703 1031 a
1748 968 1979 1032 circulo
2010 968 2210 1033 solem
2244 971 2306 1033 &
2338 986 2653 1035 cometam

138 1070 449 1152 jungente
481 1080 616 1128 erat
656 1078 746 1147 3gr-
787 1067 903 1148 5o'‚
939 1069 1000 1130 ἃ
1048 1067 1369 1132 inclinatio
1415 1069 1670 1132 chordae
1717 1069 1939 1131 caudae
1994 1069 2076 1130 ad
2131 1070 2431 1133 circulum
2478 1071 2653 1135 illum

151 1172 298 1238 ὃέἕῐκ
424 1170 591 1247 Jan.
655 1191 685 1230 2
699 1188 730 1249 5
786 1169 848 1231 Sc
913 1175 991 1231 26
1054 1170 1258 1231 cauda
1306 1168 1447 1231 luce
1495 1169 1670 1231 tenui
1726 1169 2003 1230 micabat
2054 1169 2137 1230 ad
2191 1169 2656 1255 longitudinem

144 1272 457 1355 graduum
491 1276 528 1331 6
561 1269 663 1332 vel
703 1289 771 1350 73
821 1270 883 1332 &
915 1283 1100 1332 nocte
1146 1292 1273 1331 una
1319 1269 1395 1332 &·
1426 1269 1626 1331 altera
1671 1282 1982 1350 sequente
2030 1270 2138 1331 ubi
2188 1272 2419 1334 coelum
2466 1273 2656 1338 valde
2757 1301 2762 1305 ·

145 1395 438 1435 serenum
509 1385 660 1445 erat,
737 1370 877 1433 luce
953 1370 1325 1435 tenuissima
1401 1370 1462 1432 &
1537 1370 1870 1453 aegerrime
1944 1370 2226 1434 sensibili
2300 1374 2659 1458 attingebat

147 1473 609 1557 longitudinem
640 1472 955 1556 graduum
988 1471 1325 1533 duodecim
1360 1470 1421 1532 ἃ
1452 1468 1643 1551 paulo
1690 1468 1867 1533 ultra.
1997 1471 2413 1556 Dirigebatur
2441 1488 2655 1538 autem

148 1576 283 1658 ejus
325 1575 461 1635 axis
504 1574 584 1635 ad
627 1572 900 1634 lucidam
956 1572 1017 1632 in
1069 1571 1335 1633 humero
1385 1569 1674 1633 orientali
1726 1570 1995 1655 Aurigae
2036 1587 2343 1648 accurate,
2379 1575 2656 1659 ideoque

146 1674 504 1737 declinabat
564 1675 644 1735 ab
704 1673 1106 1755 oppositione
1168 1672 1317 1734 solis
1364 1673 1625 1734 boream
1672 1694 1896 1734 versus
1943 1673 2006 1733 in
2056 1673 2294 1757 angulo
2339 1677 2658 1759 graduum

145 1776 387 1837 decem.
515 1775 814 1855 Denique
845 1773 982 1835 Feb.
1029 1794 1104 1834 10
1150 1772 1418 1834 caudam
1451 1770 1650 1833 oculis
1682 1773 1941 1835 armatis
1973 1775 2194 1855 aspexi
2225 1776 2464 1859 gradus
2496 1778 2659 1842 duos

145 1876 417 1960 longam.
559 1876 731 1936 Nam
808 1873 914 1934 lux
990 1874 1296 1955 praedicta
1371 1874 1625 1935 tenuior
1698 1895 1814 1955 per
1886 1874 2051 1936 vitra
2126 1897 2253 1937 non
2344 1879 2652 1959 apparuit.

149 1978 488 2038 Pontlzaeus
538 1988 751 2037 autem
804 1975 942 2035 Feb.
1005 1991 1036 2053 7
1091 1996 1160 2035 se
1215 1974 1486 2035 caudam
1540 1975 1622 2035 ad
1670 1973 2134 2058 longitudinem
2193 1975 2512 2060 graduum
2584 2002 2653 2042 12

150 2079 386 2140 vidisse
417 2079 643 2141 scribit.
736 2077 875 2137 Feb.
917 2094 991 2155 25
1030 2075 1091 2137 ἃ
1123 2076 1426 2158 deinceps
1460 2091 1710 2139 cometa
1739 2078 1877 2139 sine
1909 2078 2112 2139 cauda
2142 2080 2451 2160 apparuit.

267 2180 507 2242 Orbem
588 2182 722 2263 jam
799 2182 1187 2263 descriptum
1266 2183 1578 2263 spectanti
1672 2182 1732 2244 Sc
1809 2182 2051 2265 reliqua
2137 2197 2402 2247 cometae
2471 2185 2658 2270 hujus

148 2280 568 2360 phaenomena
629 2282 690 2342 in
753 2282 966 2344 animo
1028 2281 1382 2344 revolventi
1446 2282 1618 2343 haud
1679 2282 2018 2346 difficulter
2092 2286 2419 2360 constabit,
2484 2288 2657 2370 quod

147 2403 410 2462 corpora
441 2396 830 2444 cometarum
864 2398 1011 2445 sunt
1049 2383 1267 2456 solida,
1304 2398 1650 2466 compacta,
1687 2384 1814 2446 fixa
1858 2408 1931 2446 ac
1977 2384 2287 2447 durabilia
2332 2387 2413 2447 ad
2462 2388 2661 2451 instar

146 2502 477 2562 corporum
510 2482 923 2563 planetarum.
1051 2484 1223 2545 Nam
1272 2485 1323 2546 si
1359 2484 1510 2546 nihil
1558 2484 1729 2546 aliud
1762 2500 1979 2547 essent
2010 2509 2203 2568 quam
2236 2509 2508 2569 vapores
2554 2489 2654 2552 vel

146 2581 576 2645 exhalationes
609 2598 808 2658 terrae,
844 2585 994 2648 solis
1029 2587 1090 2648 8ζ
1136 2586 1552 2668 planetarum,
1588 2601 1838 2650 cometa
1884 2587 2059 2650 hicce
2114 2589 2176 2650 in
2228 2590 2494 2652 transitu
2541 2614 2659 2655 suo

144 2704 257 2762 per
287 2685 579 2747 viciniam
613 2687 762 2750 solis
794 2691 1006 2751 statim
1041 2691 1334 2772 dissipari
1368 2693 1707 2756 debuisset.
1806 2693 1929 2755 Est
1974 2694 2145 2756 enim
2192 2693 2363 2758 calor
2392 2696 2542 2760 solis
2588 2713 2659 2762 ut

145 2786 459 2848 radiorum
493 2789 791 2864 densitaS,
828 2792 947 2854 hoc
979 2806 1092 2866 est,
1129 2794 1449 2875 reciproce
1492 2809 1562 2856 ut
1594 2794 1976 2877 quadratum
2023 2796 2342 2859 distantiae
2375 2796 2656 2861 locorum

143 2908 181 2946 a
211 2886 361 2949 sole.
491 2890 775 2973 Ideoque
822 2916 964 2954 cum
1003 2894 1315 2956 ,distantia
1361 2908 1628 2957 cometae
1661 2918 1699 2957 a
1730 2910 1949 2958 centro
1980 2896 2131 2959 solis
2161 2899 2435 2961 Decemb.'
2476 2902 2512 2961 8
2546 2901 2654 2963 ubi

146 2986 206 3046 in
246 2988 549 3067 perihelio
581 2994 956 3055 versabatur
987 3009 1158 3057 esset
1202 2996 1284 3057 ad
1332 2996 1699 3057 distantiam
1749 3010 1933 3059 terrae
1980 3021 2018 3059 a
2066 3011 2284 3061 centro
2330 2999 2480 3062 solis
2513 3015 2584 3064 ut
2615 3008 2653 3063 6

142 3086 223 3146 ad
295 3109 454 3151 Iooo
515 3092 773 3166 circiter,
830 3093 1000 3157 calor
1061 3095 1212 3158 solis
1274 3097 1445 3177 apud
1508 3110 1824 3159 cometam
1886 3120 1965 3160 eo
2025 3111 2314 3180 tempore
2375 3114 2511 3163 erat
2569 3103 2653 3164 ad

143 3191 413 3253 calorem
446 3192 595 3255 solis
627 3197 831 3258 aestivi
866 3199 1036 3279 apud
1072 3222 1187 3262 nos
1221 3213 1290 3261 ut
1332 3221 1625 3262 Ioooooo
1650 3200 1731 3261 ad
1762 3205 1857 3279 36,
1885 3222 1997 3262 seu
2029 3203 2240 3264 28000
2264 3201 2346 3262 ad
2389 3223 2435 3264 1.
2517 3203 2650 3265 Sed

140 3291 307 3354 calor
337 3316 518 3375 aquae
566 3297 920 3361 ebullientis
970 3315 1068 3363 est
1113 3303 1294 3384 quasi
1342 3300 1531 3384 triplo
1578 3303 1781 3385 major
1826 3325 2018 3384 quam
2062 3301 2233 3365 calor
2262 3325 2454 3385 quem
2487 3318 2656 3367 terra

140 3393 314 3454 arida
363 3397 634 3478 concipit
682 3400 762 3460 ad
814 3403 1106 3464 aestivum
1165 3403 1385 3480 solem,
1439 3418 1509 3465 ut
1569 3417 1872 3484 expertus
1921 3425 2105 3465 sum:
2169 3403 2231 3465 &
2284 3402 2454 3467 calor
2504 3405 2650 3468 ferri

140 3494 465 3556 candentis
502 3497 577 3580 (si
611 3513 780 3561 recte
823 3503 1165 3587 conjector)
1203 3505 1383 3586 quasi
1431 3502 1621 3585 triplo
1653 3503 1754 3566 vel
1789 3502 2146 3586 quadruplo
2200 3504 2403 3587 major
2456 3527 2648 3587 quam

138 3591 306 3655 calor
334 3617 518 3676 aquae
550 3598 939 3676 ebullientis;
977 3603 1248 3685 ideoque
1280 3603 1464 3678 calor,
1500 3627 1691 3686 quem
1725 3618 1891 3666 terra
1922 3605 2099 3666 arida
2129 3606 2300 3687 apud
2334 3620 2646 3669 cometam

115 3695 198 3770 ‘in
249 3697 551 3776 perihelio
605 3716 967 3765 versantem
1024 3728 1104 3767 ex
1154 3706 1345 3767 radiis
1401 3705 1711 3769 solaribus
1773 3707 2105 3788 concipere
2166 3720 2401 3789 posset,
2465 3709 2644 3790 quasi

142 3817 305 3859 2000
347 3799 587 3862 vicibus
622 3805 822 3886 major
853 3828 1043 3887 quam
1078 3806 1247 3869 calor
1277 3808 1423 3870 ferri
1457 3808 1803 3870 candentis,
1932 3809 2147 3871 Tanto
2194 3822 2405 3872 autem
2439 3809 2644 3872 calore
