2852 4250
205 103 327 160 266
1023 101 1138 150 DE
1170 101 1405 152 MOTU
1441 101 1489 152 C
1491 100 1749 158 ORPOR
1760 100 1885 151 UM
2778 124 2817 189 ,ξ

2788 188 2817 228 5*

2677 0 2852 351 ,Ἴ

200 281 299 330 est
348 265 487 351 (per
532 264 943 350 hypothesi-n)
992 279 1064 328 ut
1093 289 1343 328 summa
1373 266 1642 328 duarum
1675 264 2121 347 quantitatum,
2155 287 2421 348 quarum
2456 290 2582 332 una
2612 283 2712 334 est

201 427 272 476 ut
326 413 648 487 velocitaS,
705 411 904 493 altera
949 426 1020 475 ut
1066 413 1447 495 quadratum
1500 410 1891 486 velocitatis;
1947 395 2010 474 ἃ
2063 412 2260 494 ipsius
2294 389 2445 460 —1—
2491 418 2707 482 decre-

1957 539 1963 546 „
2304 472 2455 533 GD

199 617 484 666 mentum
531 617 629 666 est
669 616 740 665 ut
779 589 1029 664 summa
1075 602 1502 685 quantitatum
1526 574 1684 717 —G—ID—
1710 599 1772 661 &
1797 553 2033 738 GC—DGj
2083 625 2350 684 quarum
2397 608 2569 689 prior
2612 624 2711 673 est

198 810 335 890 ipsa
357 781 533 925 ἑῇ,
570 807 631 869 &
661 806 974 888 posterior
1000 758 1207 940 δείξῃ
1231 817 1330 866 est
1361 817 1431 865 ut
1455 861 1516 921 G
1534 777 1663 941 Z?

1686 831 1704 867 :
1751 789 2019 886 proinde
2040 779 2190 853 ——1—
2251 809 2335 872 ob
2366 810 2707 898 analogum

2045 858 2217 923 GD'

2428 975 2450 1014 1

164 984 686 1072 decrementum,
732 1012 831 1061 est
875 1012 946 1060 ut
990 996 1311 1060 velocitas,
1411 999 1501 1060 Et
1546 1000 1597 1060 si
1646 1000 1967 1081 quantitas
2015 1002 2077 1063 G
2093 1003 2180 1075 D,
2216 1002 2334 1084 ipsi
2371 1038 2508 1047 -—
2555 1007 2706 1068 reci-

2373 1060 2524 1120 GD

192 1178 383 1238 proce
415 1153 918 1238 proportionaliS,
954 1154 1308 1236 quantitate
1341 1154 1492 1216 data
1528 1156 1586 1216 C
1602 1157 1663 1217 G
1718 1169 1760 1207 H

191 1245 533 1340 augeatur;
581 1278 831 1317 summa
869 1257 926 1317 C
929 1255 1016 1331 D,
1045 1268 1333 1337 tempore
1356 1257 1425 1316 A
1442 1257 1586 1317 BE
1590 1258 1662 1317 D

192 1357 588 1418 uniformiter
618 1369 959 1428 crescente,
994 1369 1235 1417 crescet
1268 1357 1329 1417 in
1362 1378 1655 1440 progres-

191 1458 371 1519 sione
402 1458 808 1540 geometrica:
908 1458 982 1534 Q.
1010 1459 1090 1519 E.
1115 1458 1201 1519 D.

314 1558 513 1619 Corol.
554 1579 600 1620 1.
659 1558 863 1640 Igitur
886 1558 954 1630 si,
982 1558 1149 1620 datis
1175 1558 1425 1640 punctis
1457 1558 1548 1630 A,
1578 1559 1652 1631 G,

190 1671 548 1738 exponatur
579 1671 830 1739 tempus
870 1681 985 1740 per
1029 1681 1243 1720 aream
1291 1658 1651 1740 h'yperboli-

193 1781 333 1820 cam
364 1759 434 1819 A
448 1759 515 1819 B
523 1760 593 1820 E
598 1761 686 1836 D,
715 1759 948 1841 exponi
973 1773 1187 1841 potest
1211 1758 1515 1822 velocitas
1540 1783 1656 1843 per
1749 1771 1783 1809 Ο

1087 1882 1108 1921 I

189 1907 386 1990 ipsius
424 1909 484 1970 G
503 1910 574 1969 D
605 1909 991 1990 reciprocam
1027 1950 1201 2025 δῖ).
1562 1974 1570 1983 ,
2448 1925 2484 1968 13·

309 2065 509 2126 Corol.
551 2086 602 2127 2.
657 2065 989 2127 Sumendo
1043 2078 1257 2126 autem
1318 2067 1379 2128 G
1399 2067 1468 2127 A
1519 2068 1600 2128 ad
1655 2069 1716 2130 G
1733 2070 1806 2130 D
1851 2083 1921 2131 ut
1973 2069 2330 2135 velocitatis
2384 2075 2705 2157 reciproca

191 2166 310 2226 sub
343 2166 521 2227 initio
554 2166 634 2226 ad
669 2165 1021 2228 velocitatis
1055 2167 1441 2248 reciprocam
1476 2169 1538 2229 in
1572 2169 1698 2231 fine
1731 2173 2037 2253 temporis
2070 2175 2348 2257 cujusvis
2378 2177 2608 2238 ABE
2614 2180 2700 2252 D,

184 2266 543 2327 invenietur
573 2280 877 2347 punctum
918 2266 991 2328 G.
1094 2268 1196 2330 Eo
1243 2283 1458 2331 autem
1507 2271 1787 2349 invento,
1822 2271 2127 2337 velocitas
2161 2298 2241 2338 ex
2273 2277 2426 2341 dato
2473 2280 2703 2361 quovis

182 2365 305 2428 alio
338 2379 625 2447 tempore
659 2367 926 2428 inveniri
959 2382 1188 2449 potest.

485 2577 1132 2641 PROPOSITIO
1216 2579 1405 2643 XII.
1555 2581 2174 2647 THEOREMA
2258 2587 2396 2650 IX.

178 2725 410 2786 Iisdem
440 2727 683 2806 positis,
713 2727 842 2789 dico
882 2729 1056 2810 quod,
1099 2729 1160 2790 si
1192 2730 1399 2809 spatia
1443 2731 1751 2813 descripta
1793 2741 2142 2795 sumantur
2169 2735 2238 2797 z'n
2268 2738 2703 2819 progressione

265 2826 674 2895 arithmetica,
709 2828 1045 2889 velocitates
1084 2829 1236 2890 data
1276 2832 1552 2912 quadam
1591 2835 1950 2915 quantitate
1989 2844 2189 2897 auctae
2225 2845 2416 2899 erunt
2444 2838 2513 2899 in
2538 2846 2695 2920 pro-

179 2977 181 2979 .
254 2927 568 3007 gressione
589 2929 974 3007 geometrica.

300 3071 374 3131 In
396 3085 759 3152 asymptoto
792 3074 848 3134 C
850 3074 922 3133 D
941 3073 1127 3135 detur
1145 3089 1450 3154 punctum
1553 3103 1558 3169 Ι

176 3172 259 3243 R,
289 3171 350 3232 &
375 3185 585 3233 erecto
617 3172 1070 3252 perpendiculo
1102 3176 1247 3247 RS,
1277 3178 1449 3257 quod
1553 3177 1559 3290 Ι

176 3285 462 3332 occurrat
486 3271 853 3353 hyperbolae
888 3274 950 3333 in
993 3275 1059 3346 S,
1095 3290 1452 3355 exponatur
1553 3295 1558 3416 ι

175 3372 563 3453 descriptum
607 3373 883 3453 spatium
926 3395 1042 3453 per
1082 3396 1295 3435 aream
1334 3376 1447 3457 hy-

173 3472 560 3554 perbolicam
612 3474 680 3534 R
703 3474 760 3534 S
775 3474 844 3533 E
860 3475 974 3545 D,·
1029 3474 1090 3535 &
1143 3474 1449 3539 velocitas

172 3574 292 3635 erit
344 3587 415 3635 ut
473 3573 807 3656 longitudo
874 3575 1039 3647 GD,
1097 3597 1243 3656 quae
1305 3600 1448 3639 cum

171 3674 323 3735 data
391 3675 449 3735 C
467 3673 528 3735 G
587 3674 913 3754 componit
981 3673 1448 3758 longitudinem

173 3773 231 3834 C
243 3773 316 3834 D
390 3773 453 3833 in
527 3773 974 3855 progressione
1054 3777 1445 3856 geometrica
1526 3793 1559 3830 C
1763 3812 1812 3851 G
1905 3803 1952 3842 A
2339 3759 2346 3782 ε
2622 3805 2668 3847 R

169 3872 661 3946 decrescentem,
697 3873 939 3935 interea
970 3873 1124 3935 dum
1156 3877 1433 3956 spatium
1474 3881 1542 3941 R
1563 3880 1790 3942 SED
1826 3897 2099 3966 augetur
2130 3884 2191 3946 in
2225 3883 2637 3947 arithmetica.
