2852 4250
175 103 210 164 3
219 103 301 164 30
1006 86 1123 136 DE
1155 87 1395 141 Mores
1420 86 1728 140 CORPOR
1739 88 1856 140 ΠΜ
2369 83 2393 110 ⁸·

172 250 277 314 illa
335 250 602 315 effluens
661 250 1065 316 velocitatem
1140 253 1335 316 habet
1407 254 1708 317 deorsum
1783 254 1847 316 in
1921 254 2062 338 ipso
2120 255 2430 325 foramine
2488 283 2681 347 quam
2757 321 2767 332 .

168 375 368 437 grave
413 352 703 416 cadendo
749 352 812 416 &
841 375 990 416 casu
1039 375 1156 417 suo
1205 354 1627 417 describendo
1674 354 2005 418 dimidiam
2053 354 2454 425 altitudinem
2492 385 2680 447 aquae
2768 384 2792 421 ·.

170 452 234 514 in
293 473 450 515 vase
494 453 851 536 stagnantis
904 454 1230 535 acquirere
1281 466 1496 536 potest
1548 456 2050 537 quamproxime.
2173 458 2308 522 Sed
2338 475 2681 546 postquam
2780 476 2790 563 ἰ

168 553 370 615 exivit
428 575 510 616 ex
541 560 740 627 ’vase,
803 553 1190 616 acceleratur
1262 554 1716 637 convergendo
1790 555 1996 620 donec
2069 558 2154 622 ad
2215 560 2584 627 distantiam
2643 587 2684 628 a
2772 593 2779 599 ·

170 652 479 716 foramine
538 654 852 716 diametro
934 653 1260 716 foraminis
1335 676 1538 735 prope
1612 653 1927 737 aequalem
2001 661 2384 740 pervenerit,
2448 662 2511 726 &
2569 686 2679 728 ve-

169 751 489 816 locitatem
559 751 971 836 acquisiverit
1027 755 1334 837 majorem
1396 755 1459 816 in
1512 754 1757 818 ratione
1785 781 1791 785 ’
1817 757 2262 840 subduplicata
2313 762 2539 826 binarii
2598 766 2680 828 ad

170 853 479 916 unitatem
528 854 805 928 circiter;
854 875 1047 935 quam
1100 855 1322 936 utique
1367 877 1569 938 grave
1622 855 1933 935 cadendo,
1968 858 2030 921 &
2083 882 2232 923 casu
2281 884 2400 926 suo
2447 863 2679 928 descri-

170 954 383 1016 bendo
436 967 635 1016 totam
688 953 1089 1017 altitudinem
1144 976 1329 1036 aquae
1380 955 1442 1016 in
1493 977 1649 1018 vase
1697 959 2072 1041 stagnantiS‚
2106 962 2435 1044 acquirere
2468 979 2683 1047 potest

170 1054 669 1135 quamproxime.

289 1155 364 1215 In
396 1155 811 1236 sequentibus
845 1155 1037 1239 igitur
1080 1156 1394 1220 diameter
1437 1179 1623 1220 venae
1662 1158 2036 1243 designetur
2064 1185 2180 1245 per
2209 1163 2494 1229 foramen
2527 1166 2681 1232 illud

167 1255 373 1317 minus
420 1256 594 1337 quod
640 1258 1014 1320 vocavimus
1059 1259 1219 1321 EF.
1341 1259 1431 1322 Et
1483 1258 1675 1342 plano
1733 1261 2061 1325 foraminis
2112 1265 2270 1326 EF
2310 1266 2681 1348 parallelum

166 1355 312 1417 duci
345 1354 732 1440 intelligatur
762 1356 1022 1440 planum
1055 1358 1227 1422 aliud
1274 1362 1565 1443 superius
1614 1362 1776 1425 VW
1824 1363 1906 1425 ad
1953 1364 2322 1428 distantiam
2368 1368 2681 1435 diametro

165 1457 491 1520 foraminis
540 1457 854 1540 aequalem
901 1460 1147 1523 circiter
1200 1461 1262 1524 &
1314 1463 1624 1526 foramine
1678 1465 1918 1547 majore
1967 1466 2025 1526 S
2052 1466 2118 1527 T
2150 1480 2520 1548 pertusum;
2566 1493 2683 1553 per
2745 1481 2756 1492 '

166 1557 340 1638 quod
395 1557 614 1639 utique
668 1581 835 1621 vena
888 1561 1089 1635 cadat,
1146 1585 1291 1644 quae
1351 1564 1692 1646 adaequate
1755 1563 2015 1646 impleat
2073 1565 2359 1631 foramen
2422 1570 2682 1634 inferius

165 1658 324 1731 EF,
373 1670 566 1739 atque
599 1659 744 1722 ideo
776 1662 953 1744 cujus
986 1663 1298 1726 diameter
1341 1665 1425 1727 sit
1469 1666 1552 1727 ad
1598 1666 1979 1728 diametrum
2011 1666 2338 1731 foraminis
2370 1670 2680 1735 inferioris

163 1772 235 1820 ut
270 1780 299 1820 2
313 1777 344 1838 5
381 1760 463 1820 ad
516 1781 586 1821 21
642 1761 901 1825 circiter.
998 1764 1106 1826 Sic
1156 1766 1326 1827 enim
1380 1789 1550 1828 vena
1597 1789 1714 1848 per
1760 1767 2047 1830 foramen
2099 1768 2359 1832 inferius
2407 1794 2677 1855 perpen-

161 1859 524 1923 diculariter
572 1863 899 1939 transibit;
948 1863 1010 1926 &
1059 1866 1380 1948 quantitas
1434 1889 1620 1949 aquae
1675 1867 2010 1941 effluentiS,
2067 1891 2183 1950 pro
2236 1873 2678 1955 magnitudine

160 1959 485 2023 foraminis
536 1962 737 2046 hujuS,
801 1986 878 2026 ea
931 1966 1051 2028 erit
1110 1989 1303 2049 quam
1354 1967 1586 2031 solutio
1638 1967 2053 2050 problematis
2113 1970 2395 2052 postulat
2454 1996 2675 2057 quam-

157 2061 462 2141 proxime.
588 2064 885 2145 Spatium
939 2088 1110 2140 vero,
1174 2070 1349 2150 quod
1425 2069 1632 2151 planis
1708 2070 1960 2133 duobus
2030 2070 2093 2133 8:
2166 2094 2335 2135 vena
2408 2077 2679 2142 cadente

157 2159 483 2238 clauditur,
518 2185 635 2244 pro
667 2164 866 2227 fundo
898 2168 1068 2229 vasis
1102 2168 1319 2231 haberi
1367 2184 1595 2252 potest.
1692 2171 1826 2233 Sed
1873 2184 1944 2233 ut
1988 2169 2220 2235 solutio
2265 2175 2678 2255 problematis

73 2335 79 2341 ι
155 2260 500 2342 simplicior
530 2263 612 2326 sit
651 2264 712 2326 &
759 2267 964 2349 magis
998 2269 1464 2348 mathematica,
1500 2285 1765 2354 praestat
1809 2271 2117 2335 adhibere
2161 2271 2424 2355 planum
2469 2277 2676 2344 solum

156 2360 415 2423 inferius
464 2385 581 2444 pro
634 2364 835 2428 fundo
883 2370 1072 2443 vasiS,
1110 2370 1172 2433 Sc
1220 2371 1461 2456 fingere
1502 2374 1678 2455 quod

154 2484 321 2544 aqua
367 2486 511 2545 quae
543 2488 660 2547 per
687 2465 958 2550 glaciem
992 2493 1106 2533 ceu
1154 2494 1270 2554 per
1314 2474 1676 2537 infundibu-
1733 2532 1774 2574 A
2213 2501 2568 2509 ·······················
2573 2475 2595 2541 “i

155 2560 285 2624 lum
318 2564 655 2639 defluebat,
692 2567 754 2630 ἃ
786 2591 822 2631 e
854 2592 1009 2633 vase
1041 2594 1157 2653 per
1200 2573 1486 2638 foramen
1533 2578 1604 2638 E
1619 2578 1691 2638 F

157 2662 218 2723 in
302 2663 494 2744 plano
555 2666 850 2731 inferiore
910 2670 1147 2734 factum
1209 2676 1674 2758 egrediebatur,

156 2775 399 2824 motum
456 2787 641 2828 suum
696 2784 1008 2852 perpetuo
1053 2789 1282 2849 servet,
1334 2776 1395 2839 δε
1439 2777 1677 2861 glacies

161 2863 443 2943 quietem
476 2888 674 2932 suam.
773 2871 847 2931 In
894 2876 1311 2955 sequentibus
1360 2879 1552 2962 igitur
1595 2881 1679 2943 sit

156 2963 214 3023 S
241 2964 306 3024 T
339 2965 649 3030 diameter
671 2969 995 3035 foraminis
1021 2975 1337 3040 circularis
1369 2995 1588 3045 centro
1618 2984 1683 3044 Z

156 3063 455 3146 descripti
481 3089 597 3148 per
627 3071 799 3151 quod
832 3087 1146 3138 cataracta
1177 3079 1378 3142 effluit
1408 3103 1489 3143 ex
1521 3105 1676 3146 vase
1890 3098 1902 3104 ·
1909 3095 2088 3111 ···········
2149 3026 2211 3231 ἦ
2299 3090 2569 3114 ··············

156 3163 264 3224 ubi
302 3186 470 3246 aqua
515 3180 650 3230 tota
696 3171 757 3231 in
806 3195 959 3236 vase
1006 3176 1202 3239 fluida
1248 3195 1359 3243 est.
1460 3183 1550 3245 Et
1594 3185 1677 3247 sit

154 3264 226 3325 E
241 3266 312 3326 F
332 3266 643 3330 diameter
666 3270 990 3337 foraminis
1015 3299 1131 3358 per
1153 3282 1325 3361 quod
1359 3297 1677 3349 cataracta

155 3364 446 3429 cadendo
477 3369 815 3452 adaequate
849 3378 1088 3451 transit,
1123 3380 1260 3443 sive
1292 3404 1460 3464 aqua
1505 3400 1693 3449 exeat
1724 3410 1804 3451 ex
1837 3415 1992 3456 vase
2038 3417 2154 3477 per
2196 3395 2483 3461 foramen
2519 3397 2673 3462 illud

154 3467 444 3547 superius
477 3470 535 3530 S
562 3471 630 3544 T,
664 3472 802 3535 sive
834 3476 1020 3538 cadat
1050 3500 1166 3558 per
1197 3483 1478 3546 medium
1523 3485 1750 3570 glaciei
1799 3492 1861 3554 in
1895 3516 2050 3557 vase
2082 3509 2390 3579 tanquam
2435 3521 2552 3581 per
2581 3499 2671 3562 in·

153 3565 570 3634 fundibulum.
670 3572 759 3635 Et
790 3574 871 3636 sit
902 3576 1214 3642 diameter
1243 3582 1570 3650 foraminis
1601 3593 1945 3673 superioris
1992 3596 2051 3657 S
2077 3596 2143 3657 T
2175 3598 2258 3659 ad
2290 3598 2672 3663 diametrum

154 3666 466 3732 inferioris
504 3672 662 3733 EF
689 3686 760 3736 ut
794 3694 869 3755 25
916 3678 998 3739 ad
1035 3700 1106 3741 21
1163 3682 1423 3759 circiter,
1460 3687 1522 3749 &
1566 3690 1870 3756 distantia
1917 3697 2461 3778 perpendicularis
2508 3700 2673 3763 inter

153 3765 344 3848 plana
417 3769 798 3836 foraminum
874 3778 1140 3860 aequalis
1215 3783 1298 3846 sit
1371 3786 1685 3855 diametro
1760 3794 2088 3859 foraminis
2163 3799 2424 3863 minoris
2497 3802 2570 3863 E
2587 3802 2664 3865 F.

157 3869 247 3933 Et
290 3869 595 3936 velocitas
641 3897 826 3958 aquae
874 3901 910 3941 e
957 3903 1111 3943 vase
1157 3906 1274 3964 per
1317 3885 1601 3952 foramen
1653 3893 1710 3954 S
1735 3894 1802 3955 T
1835 3899 2127 3960 exeuntis
2174 3921 2252 3962 ea
2283 3900 2402 3963 erit
2432 3901 2495 3963 in
2529 3901 2669 3984 ipso

1765 3251 1798 3303 <s-
2079 3227 2135 3310 ις’
2174 3239 2356 3304 Gs·
2485 3248 2502 3253 ·
2552 3247 2640 3293 ···n

2811 1119 2819 1149 ,4

2811 1236 2820 1251 ⁴.

2807 1371 2823 1446 ‚l

2770 1452 2814 1467 e-
