2852 4250
181 82 303 157 328
989 90 1108 139 DE
1153 91 1391 144 MOTU
1434 93 1740 146 CORPOR
1751 95 1877 146 UM

174 248 448 312 cavitate
496 252 683 326 vasiS,
719 253 780 316 &
825 276 1012 318 axem
1062 258 1338 321 eundem
1387 259 1639 336 habere,
1675 264 1737 326 &
1782 265 2077 329 uniformi
2127 288 2271 329 cum
2320 279 2497 331 motu
2545 290 2686 351 per·
2792 266 2796 273 ’

173 360 369 429 petuo
400 350 804 428 descendere,
842 355 902 417 &
933 370 1146 438 partes
1193 359 1329 442 ejus
1362 382 1554 441 quam
1599 364 1875 444 primum
1922 367 2246 451 attingunt
2290 368 2689 450 superficiem

171 449 243 510 A
267 450 335 510 B
363 449 727 533 liquescere,
764 455 825 518 &
871 457 934 518 in
981 480 1215 539 aquam
1249 481 1591 522 conversas
1635 466 1953 546 gravitate
1984 489 2101 529 sua
2130 467 2412 530 defluere
2458 468 2520 530 in
2552 491 2687 543 vaS,

174 539 238 610 82
282 557 662 615 cataractam
708 556 810 617 vel
857 556 1215 620 columnam
1265 569 1450 641 aquae
1495 563 1566 623 A
1589 563 1762 626 BN
1771 568 1844 628 F
1851 569 1923 629 E
1938 570 2036 630 M
2060 569 2351 632 cadendo
2394 569 2687 645 formare,

174 648 236 711 &
279 673 396 732 per
438 653 722 718 foramen
769 658 926 718 EF
961 660 1242 732 transire,
1277 659 1579 743 idemque
1623 664 1963 749 adaequate
2009 669 2287 752 implere.
2384 671 2487 733 Ea
2532 694 2689 736 vero

171 750 254 812 sit
299 753 626 816 uniformis
674 756 977 819 velocitas
1021 757 1248 841 glaciei
1281 760 1730 827 descendentis
1787 778 1880 856 'pt

170 866 241 914 ut
273 852 334 914 ἃ
365 876 549 936 aquae
581 858 898 940 contiguae
947 859 1009 919 in
1042 858 1274 922 circulo
1318 862 1390 922 A
1415 863 1494 936 B,
1530 886 1727 946 quam
1873 854 1880 886 ¹

168 974 336 1034 aqua
367 956 657 1018 cadendo
691 957 752 1018 ἃ
785 980 934 1019 casu
968 982 1085 1022 suo
1131 960 1556 1027 describendo
1587 965 1724 1028 alti-

168 1052 454 1114 tudinem
499 1056 549 1115 J
561 1057 650 1116 H
692 1059 1021 1140 acquirere
1068 1074 1316 1141 potest;
1367 1062 1428 1124 8c
1466 1065 1727 1147 jaceant
1869 1119 1878 1152 3
2598 1112 2606 1163 3

163 1151 314 1212 [Η
337 1152 397 1213 8ε
427 1155 517 1215 H
534 1156 595 1216 G
627 1157 687 1217 in
730 1158 1057 1231 directum,
1094 1158 1155 1221 ἃ
1201 1183 1317 1242 per
1345 1178 1652 1243 punctum
1684 1169 1734 1228 l
1813 1172 1881 1240 Κ
1885 1227 2221 1236 ...................
2223 1184 2651 1249 ΙΙ,

163 1252 431 1315 ducatur
489 1270 660 1318 recta
718 1259 802 1319 K
812 1260 872 1319 L
939 1261 1246 1323 horizonti
1308 1263 1608 1344 parallela
1663 1268 1725 1330 &
1804 1256 1875 1292 A·

162 1350 464 1416 lateribus
508 1355 733 1439 glaciei
781 1382 1116 1424 occurrens
1164 1363 1225 1423 in
1257 1365 1341 1424 K
1367 1364 1428 1426 &
1458 1367 1538 1430 L.
1637 1369 1726 1431 Et

161 1453 464 1518 velocitas
495 1480 680 1540 aquae
728 1461 1042 1524 effluentis
1088 1486 1204 1545 per
1247 1465 1533 1529 foramen
1579 1471 1736 1531 EF

160 1576 238 1615 ea
269 1556 387 1617 erit
419 1580 610 1639 quam
636 1582 803 1642 aqua
835 1563 1125 1627 cadendo
1157 1566 1238 1627 ab
1261 1568 1311 1627 J
1337 1567 1398 1629 &
1422 1591 1571 1631 casu
1605 1594 1722 1635 suo

159 1654 580 1721 describendo
612 1660 1011 1725 altitudinem
1060 1666 1192 1727 [G
1237 1670 1563 1749 acquirere
1610 1694 1719 1753 po-

159 1768 297 1821 test.
398 1760 683 1843 Ideoque
729 1786 845 1844 per
875 1766 1271 1830 theoremata
1309 1771 1575 1833 Galz‘laez'
1601 1776 1721 1836 erit

156 1858 206 1917 J
225 1858 285 1919 G
314 1860 395 1921 ad
427 1862 478 1921 l
488 1863 577 1922 H
600 1863 661 1923 in
710 1864 1030 1945 duplicata
1077 1869 1320 1931 ratione
1364 1871 1719 1937 velocitatis

155 1982 340 2041 aquae
386 1986 503 2044 per
532 1964 815 2028 foramen
850 1969 1165 2031 effluentis
1197 1972 1278 2032 ad
1312 1972 1716 2039 velocitatem

154 2083 339 2142 aquae
390 2064 453 2124 in
508 2065 739 2129 circulo
786 2070 857 2129 A
881 2071 963 2145 B,
1018 2071 1138 2134 hoc
1187 2087 1299 2147 est,
1349 2074 1412 2136 in
1459 2076 1781 2159 duplicata
1827 2084 2072 2147 ratione
2125 2086 2336 2149 circuli
2385 2090 2456 2150 A
2481 2090 2549 2151 B
2593 2092 2675 2153 ad

153 2162 450 2225 circulum
484 2167 554 2226 Ε
570 2169 642 2228 F
649 2195 673 2240 ,·
719 2191 866 2231 nam
917 2172 979 2232 hi
1030 2173 1238 2236 circuli
1287 2191 1436 2239 sunt
1485 2181 1804 2262 reciproce
1851 2200 1921 2247 ut
1966 2186 2336 2251 velocitates
2368 2213 2678 2273 aquarum

154 2284 297 2343 quae
343 2287 459 2345 per
504 2269 692 2349 ipsOS,
728 2272 957 2333 eodem
1005 2288 1293 2357 tempore
1345 2278 1406 2340 ἃ,
1452 2282 1681 2363 aequali
1730 2288 2102 2366 quantitate,
2137 2290 2474 2373 adaequate
2507 2307 2674 2356 tran-

153 2378 353 2426 seunt.
455 2368 558 2430 De
595 2369 935 2435 velocitate
967 2397 1153 2457 aquae
1188 2378 1582 2444 horizontem
1616 2407 1839 2449 versus
1887 2388 1987 2451 hic
2019 2390 2244 2473 agitur.
2345 2391 2435 2453 Et
2466 2407 2677 2457 motus

153 2463 460 2529 horizonti
507 2471 842 2551 parallelus
890 2498 1019 2557 quo
1065 2492 1278 2559 partes
1328 2504 1514 2564 aquae
1564 2487 1850 2550 cadentis
1897 2490 1978 2551 ad
2028 2491 2298 2553 invicem
2346 2495 2673 2569 accedunt,

152 2587 294 2628 cum
329 2591 455 2631 non
491 2574 729 2635 oriatur
758 2598 796 2637 a
825 2579 1159 2659 gravitate,
1197 2602 1312 2643 nec
1360 2599 1605 2647 motum
1654 2587 1964 2652 horizonti
2012 2593 2604 2674 perpendicularem
2637 2620 2675 2659 a

149 2670 465 2747 gravitate
492 2675 828 2738 oriundum
859 2692 1076 2752 mutet,
1113 2680 1211 2743 hic
1238 2705 1365 2745 non
1399 2687 1850 2752 consideratur.
1947 2691 2386 2773 Supponimus
2412 2696 2672 2776 quidem

151 2770 323 2848 quod
371 2788 584 2853 partes
617 2799 801 2858 aquae
848 2779 1309 2862 aliquantulum
1362 2787 1705 2866 cohaerent,
1740 2791 1801 2852 &
1850 2814 1967 2872 per
2014 2793 2442 2857 cohaesionem
2489 2819 2671 2858 suam

153 2869 315 2931 inter
345 2875 701 2939 cadendum
750 2882 1056 2944 accedant
1087 2885 1167 2945 ad
1221 2886 1493 2950 invicem
1544 2913 1659 2971 per
1707 2907 1918 2954 motus
1965 2894 2274 2958 horizonti
2316 2897 2669 2978 paralleIOS,

150 2982 221 3030 ut
251 2973 500 3035 unicam
551 2990 796 3041 tantum
844 2983 1180 3047 efforment
1225 3002 1606 3052 cataractam
1659 2993 1720 3054 &
1768 3015 1894 3056 non
1947 2995 2008 3055 in
2059 2995 2272 3077 plures
2321 3012 2670 3062 cataractas

148 3069 546 3142 dividantur:
593 3081 709 3142 sed
758 3097 1000 3147 motum
1048 3086 1357 3152 horizonti
1406 3090 1795 3173 parallelum,
1830 3117 1869 3156 a
1914 3095 2278 3160 cohaesione
2325 3098 2430 3161 illa
2460 3100 2668 3162 oriun-

148 3169 318 3244 dum,
354 3172 454 3235 hic
486 3197 613 3239 non
647 3181 1137 3247 consideramus

241 3275 378 3341 Cas.
443 3299 488 3341 1.
559 3282 843 3365 Concipe
884 3286 1019 3367 jam
1070 3290 1411 3354 cavitatem
1462 3307 1662 3357 totam
1714 3297 1776 3359 in
1827 3322 1998 3374 vase,
2051 3301 2114 3362 in
2167 3302 2427 3364 circuitu
2482 3325 2668 3385 aquae

145 3380 431 3444 cadentis
477 3386 547 3446 A
571 3388 743 3447 BN
755 3390 826 3448 F
833 3391 904 3450 E
918 3391 1019 3463 JW,
1052 3391 1255 3474 glacie
1302 3395 1556 3477 plenam
1589 3422 1749 3477 esse,
1784 3416 1855 3464 ut
1885 3425 2052 3485 aqua
2084 3426 2199 3485 per
2226 3403 2496 3487 glaciem
2528 3418 2665 3467 tan-

144 3503 338 3565 quam
383 3506 500 3566 per
545 3486 1011 3551 infundibulum
1058 3506 1353 3558 transeat.
1452 3499 1541 3561 Et
1601 3502 1653 3562 si
1708 3524 1875 3584 aqua
1925 3503 2197 3588 glaciem
2244 3518 2492 3567 tantum
2536 3527 2664 3567 non
2827 3578 2831 3585 ,

142 3600 382 3671 tangat,
416 3588 535 3663 vel,
571 3592 743 3672 quod
793 3594 1058 3673 perinde
1090 3609 1204 3671 est,
1239 3599 1291 3658 si
1341 3612 1564 3684 tangat
1597 3603 1658 3664 δε
1705 3626 1821 3685 per
1866 3606 2136 3689 glaciem
2182 3620 2446 3688 propter
2491 3628 2661 3668 sum·
2814 3587 2842 4250 i

1805 1970 1838 2011 c
2092 1957 2355 2022 EGE·
2572 1978 2614 2016 D

2830 3359 2839 3438 ’,ς-Α
2828 3288 2838 3310 ι,
2831 3266 2836 3276 a
2833 3236 2836 3245 c
2833 3183 2836 3198 -

143 3710 314 3750 mam
348 3691 485 3773 ejus
528 3692 868 3774 polituram
901 3709 1093 3777 quam'
1140 3696 1457 3763 liberrime
1491 3703 1552 3764 ἃ
1597 3706 1735 3768 sine
1767 3707 1939 3769 omni
1973 3707 2333 3768 resistentia
2377 3705 2662 3781 labatur;

142 3788 280 3851 haec
325 3791 564 3854 defluet
609 3816 725 3875 per
771 3795 1055 3858 foramen
1105 3799 1262 3860 EF
1298 3802 1524 3892 eadem
1572 3805 1910 3868 velocitate
1954 3828 2028 3867 ac
2073 3806 2264 3888 priuS,
2300 3805 2363 3868 &
2406 3806 2660 3888 pondus

144 3903 348 3953 totum
398 3890 709 3958 columnae
756 3917 940 3978 aquae
989 3899 1058 3963 A
1084 3900 1151 3963 B
1168 3901 1254 3962 N
1267 3903 1337 3962 F
1347 3904 1416 3964 E
1432 3905 1528 3965 M
1571 3905 1977 3987 impendetur
2026 3907 2087 3968 in
2143 3907 2471 4004 defluxum
2520 3908 2658 3991 ejus
