2852 4250
239 201 358 262 130
1054 179 1170 228 DE
1203 176 1441 253 MOTU
1469 170 1774 225 CORPOR
1789 169 1911 220 ΠΜ

223 373 372 414 area
430 347 699 432 tempori
759 344 1246 430 propOrtionalis
1299 341 1385 407 sit
1432 361 1624 424 quam
1677 336 1846 399 linea
1910 334 1968 396 C
1964 341 2021 416 p
2074 332 2139 394 in
2191 328 2383 413 plano
2436 330 2746 396 immobili

226 451 541 525 describit,
597 449 998 511 manifestum
1045 459 1144 509 est
1188 445 1362 527 quod
1415 462 1662 523 corpuS,
1710 447 1983 519 cogente
2018 433 2212 517 justae
2258 431 2628 514 quantitatis
2679 434 2745 496 vi

226 539 597 633 centripeta}
611 546 853 611 revolvi
870 546 1071 629 possit
1093 568 1220 608 una
1238 567 1380 608 cum
1401 564 1594 626 punc-

228 665 297 715 to
321 659 376 733 p
408 652 470 712 in
501 671 695 712 curva
725 647 829 710 illa
857 646 1024 709 linea
1054 668 1245 728 quam
1291 642 1595 727 p'unctum

230 752 400 814 idem
428 759 484 832 p
530 750 771 811 ratione
802 748 938 830 jam
979 747 1269 828 exposita
1298 744 1598 807 describit

229 852 293 913 in
323 850 514 933 plano
546 847 862 912 immobili.
948 848 1093 908 Fiat
1115 845 1383 929 angulus
1425 845 1489 906 V
1495 845 1552 906 C
1554 866 1596 905 u

229 949 463 1034 angulo
507 951 571 1012 P
594 950 652 1011 C
648 958 718 1030 p,
754 948 816 1010 &
860 947 1027 1010 linea
1070 948 1128 1010 C
1140 970 1185 1009 u
1215 947 1398 1008 lineae
1436 946 1494 1007 C
1522 945 1594 1009 V,
1684 928 1719 1030 ’,ἶ

230 1064 422 1133 atque
453 1050 654 1133 figura
684 1049 843 1129 uCp
874 1047 1094 1131 figurae
1143 1046 1208 1108 V
1223 1047 1281 1109 C
1290 1048 1356 1108 P
1385 1068 1596 1128 aequa-

228 1149 319 1224 lis,
383 1149 445 1212 &
504 1171 732 1231 corpus
792 1149 857 1211 in
900 1157 955 1229 p
1014 1170 1269 1230 semper
1319 1148 1599 1209 existens

228 1250 586 1313 movebitur
636 1250 698 1310 in
744 1249 1084 1331 perimetro
1130 1248 1351 1331 figurae
1397 1246 1598 1310 revol-

227 1351 436 1413 ventis
487 1350 680 1432 uCp,
735 1350 1092 1432 eodemque
1151 1362 1439 1432 tempore
1491 1349 1601 1412 de·
1745 1344 1752 1354 ¹

227 1452 458 1514 scribet
487 1473 698 1513 arcum
724 1451 858 1534 ejus
883 1459 984 1532 up
1016 1473 1147 1532 quo
1175 1473 1402 1532 corpus
1433 1449 1603 1512 aliud

228 1555 295 1616 P
322 1574 535 1614 arcum
568 1552 685 1634 ipsi
717 1551 986 1614 similem
1019 1552 1080 1614 ἃ
1111 1551 1422 1633 aequalem
1470 1553 1536 1614 V
1542 1553 1607 1612 P

232 1655 294 1716 in
325 1653 526 1737 figura
556 1653 920 1735 quiescente
975 1654 1038 1714 V
1046 1654 1210 1714 PK
1246 1653 1604 1716 describere

231 1767 457 1838 potest.
554 1754 892 1834 Quaeratur
944 1754 1147 1837 igitur,
1203 1778 1318 1837 per
1369 1754 1768 1819 corollarium
1822 1755 2115 1838 quintum
2169 1755 2621 1838 propositionis
2662 1774 2744 1828 VI,

232 1856 330 1918 vis
389 1855 738 1937 centripeta
797 1877 923 1936 qua
976 1877 1204 1937 corpus
1258 1855 1502 1919 revolvi
1556 1858 1761 1940 possit
1813 1858 1876 1920 in
1932 1879 2127 1920 curva
2180 1855 2285 1919 illa
2335 1855 2503 1919 linea
2554 1877 2747 1939 quam

231 1970 534 2039 punctum
551 1964 605 2037 p
636 1955 934 2017 describit
966 1956 1027 2018 in
1059 1955 1251 2039 plano
1284 1957 1609 2036 immobili,
1645 1958 1707 2021 8ε
1737 1957 2023 2023 solvetur
2053 1958 2396 2042 problema.
2491 1958 2740 2036 Q.E.F.

480 2195 1122 2260 PROPOSITIO
1190 2198 1474 2263 XLIV.
1600 2198 2219 2263 THEOREMA
2286 2198 2493 2262 XIV.

227 2343 606 2426 Dz'fferentz'a
652 2344 907 2417 virium,
949 2343 1173 2426 quibus
1214 2352 1437 2425 corpus
1480 2345 1551 2406 2⁶72
1595 2346 1738 2407 orbe
1777 2347 2125 2428 quiescente,
2179 2348 2262 2414 ὅς’
2304 2354 2526 2428 corpus
2567 2344 2760 2407 aliud

312 2460 382 2520 2‘72
426 2460 622 2521 eodem
666 2460 806 2521 erbe
847 2460 1188 2521 revolvente
1228 2461 1558 2542 aequaliter
1598 2463 1835 2524 moveri
1858 2471 2144 2545 possunt,
2177 2471 2265 2525 est
2306 2463 2377 2525 z'n
2423 2462 2750 2544 triplicata

315 2576 558 2637 ratione
582 2575 923 2637 communis
950 2575 1317 2637 altitudz'm’s
1346 2576 1593 2639 inverse.

350 2746 640 2806 Partibus
671 2745 840 2807 orbis
874 2744 1255 2827 quiescentis
1304 2746 1369 2806 V
1381 2747 1460 2820 P,
1487 2748 1553 2808 P
1573 2748 1658 2809 K
1679 2761 1869 2811 sunto
1900 2746 2138 2810 similes
2171 2747 2234 2810 &
2265 2745 2544 2829 aequales
2575 2746 2747 2809 orbis

234 2846 620 2910 revolventis
667 2859 878 2927 partes
925 2854 1045 2927 up,
1078 2845 1236 2927 pk,·
1283 2846 1344 2907 ἃ
1375 2862 1755 2928 punctorum
1791 2851 1871 2924 P,
1905 2849 1988 2909 K
2024 2848 2326 2910 distantia
2358 2845 2747 2930 intelligatur

234 2969 375 3009 esse
421 2968 611 3028 quam
659 2946 933 3007 minima.
1030 2945 1093 3006 A
1142 2959 1377 3027 puncto
1415 2948 1458 3009 k
1503 2949 1565 3009 in
1605 2963 1841 3011 rectam
1866 2951 1997 3030 pC
2027 2950 2293 3012 demitte
2324 2948 2743 3031 perpendicu-

237 3047 367 3134 lum
397 3048 510 3119 ἐν,
546 3046 842 3126 idemque
875 3046 1115 3129 produc
1156 3047 1238 3108 ad
1280 3070 1360 3124 772,
1397 3062 1467 3110 ut
1512 3050 1594 3111 sit
1624 3073 1687 3112 m
1712 3074 1755 3112 r
1781 3051 1862 3112 ad
1893 3051 1997 3112 ,ἐν
2023 3063 2094 3112 ut
2124 3048 2395 3134 angulus
2443 3050 2508 3110 V
2524 3049 2583 3111 C
2576 3056 2633 3130 p
2663 3047 2747 3109 ad

230 3146 532 3231 angulum
595 3147 730 3208 VC
747 3148 823 3228 Ρ.
918 3147 1236 3226 Quoniam
1283 3170 1617 3230 corporum
1670 3149 2037 3214 altitudines
2089 3152 2237 3213 PC
2285 3151 2346 3213 &
2374 3159 2429 3233 p
2456 3150 2524 3226 C,
2572 3149 2655 3211 K
2674 3149 2742 3224 C,

231 3249 293 3310 δε
342 3249 385 3309 k
409 3248 466 3309 C
504 3269 756 3327 semper
795 3259 1141 3328 aequantur,
1190 3249 1593 3311 manifestum
1631 3264 1731 3313 est
1772 3252 1945 3333 quod
1991 3250 2299 3314 linearum
2344 3252 2410 3313 P
2437 3250 2496 3312 C
2521 3249 2584 3312 81
2612 3257 2668 3331 p
2694 3249 2753 3311 C

231 3350 617 3411 incrementa
646 3346 749 3408 vel
781 3347 1186 3408 decrementa
1216 3370 1469 3431 semper
1499 3352 1626 3414 sint
1666 3351 1951 3435 aequalia,
1987 3353 2262 3435 ideoque
2306 3352 2360 3415 si
2407 3371 2745 3433 corporum

231 3452 294 3513 in
346 3448 499 3511 locis
550 3449 616 3509 P
661 3447 723 3509 ἃ
749 3456 806 3530 p
846 3448 1253 3509 existentium
1301 3450 1772 3535 distinguantur
1816 3467 2028 3516 motus
2074 3452 2306 3538 singuli
2349 3451 2490 3537 (per
2528 3451 2743 3535 legum

228 3549 414 3613 corol.
492 3547 554 3632 2)
651 3547 715 3609 in
782 3548 982 3621 binos
1046 3570 1316 3628 quorum
1385 3550 1450 3612 hi
1518 3575 1742 3614 versus
1812 3567 2118 3629 centrum,
2186 3555 2325 3617 sive
2389 3551 2742 3615 secundum

227 3651 425 3713 lineas
484 3650 549 3710 P
574 3649 641 3725 C,
687 3656 743 3730 p
769 3648 826 3709 C
879 3639 1393 3723 determinentur,
1458 3651 1521 3713 ἃ
1579 3652 1757 3715 alteri
1817 3655 2133 3736 prioribus
2193 3653 2538 3718 transversi
2598 3652 2741 3725 sint,

230 3752 292 3815 81
341 3745 692 3813 secundum
744 3747 943 3810 lineas
997 3749 1148 3830 ipsis
1203 3750 1269 3810 P
1293 3750 1360 3823 C,
1399 3759 1455 3832 p
1482 3752 1539 3813 C
1576 3754 2130 3834 perpendiculares
2171 3756 2587 3819 directionem
2632 3753 2742 3815 ha-

227 3853 456 3926 beant.;
510 3862 721 3913 motus
766 3871 990 3910 versus
1042 3862 1329 3911 centrum
1378 3865 1564 3913 erunt
1610 3853 1907 3935 aequaleS,
1960 3856 2023 3918 &
2072 3871 2283 3920 motus
2341 3871 2743 3920 transversus

228 3951 506 4034 corporis
522 3959 578 4032 p
622 3950 742 4012 erit
771 3949 853 4012 ad
885 3963 1129 4012 motum
1162 3964 1595 4014 transversum
1627 3956 1907 4037 corporis
1937 3958 2016 4030 P,
2050 3971 2122 4019 ut
2166 3970 2379 4021 motus
2423 3953 2744 4039 angularis
