2852 4250
1113 101 1352 153 LIBER
1382 101 1695 153 PRIMUS.
2271 69 2277 74 ’
2519 128 2633 184 119

187 262 414 327 circulo
442 262 851 337 velocitatem,
884 285 1009 346 qua
1037 285 1260 346 corpus
1303 263 1386 326 ad
1430 262 1823 326 intervallum
1867 263 2084 326 datum
2109 266 2166 327 S
2188 266 2249 327 G
2291 268 2451 330 circa
2493 291 2632 332 cen-

186 376 350 425 trum
368 351 438 424 'S
461 361 698 426 revolvi
742 375 971 444 posset,
1004 383 1157 444 cape
1207 362 1351 424 GA
1401 362 1482 424 ad
1512 362 1548 429 ἐν
1573 362 1643 424 Α
1670 362 1735 424 S.
1849 361 1919 423 Si
1950 363 2108 424 ratio
2138 362 2242 424 illa
2270 377 2367 426 est
2397 369 2634 428 numeri

105 466 115 478 '
185 460 404 523 binarii
463 461 544 523 ad
601 459 918 534 unitatem,
965 473 1263 542 punctum
1306 461 1375 522 A
1427 459 1665 521 infinite
1715 459 1920 532 distat,
1971 481 2097 541 quo
2144 452 2290 522 casu
2343 464 2637 542 parabola

186 560 420 621 vertice
461 561 526 633 S,
558 581 677 622 axe
723 561 779 621 S
801 560 875 632 G,
922 557 1113 620 latere
1157 557 1380 639 quovis
1425 570 1595 619 recto
1638 557 2048 619 describenda
2090 555 2201 620 est.
2299 560 2478 621 Patet
2521 561 2639 624 hoc

184 678 299 738 per
325 678 496 738 prop.
531 677 747 719 XXXIV.
840 657 954 719 Sin
1013 657 1170 718 ratio
1214 655 1318 717 illa
1367 657 1570 718 minor
1611 654 1712 717 vel
1766 656 1964 737 major
2013 668 2110 717 est
2153 677 2342 737 quam
2391 677 2421 717 2
2467 658 2548 718 ad
2590 679 2635 729 ι,

183 756 389 837 priore
418 777 563 817 casu
608 754 883 829 circuluS,
915 755 1257 836 posteri0re
1301 753 1644 836 hyperbola
1687 752 2047 836 rectangula
2096 776 2286 835 super
2334 755 2639 818 diametro

34 871 38 876 ’
112 940 117 945 p
187 854 325 915 SA
360 854 624 916 describi
659 854 863 917 debet.
961 855 1142 916 Patet
1183 876 1297 935 per
1338 876 1509 935 prop.
1558 873 1786 915 XXXIII.
1881 853 2050 913 Tum
2095 867 2308 916 centro
2354 854 2419 926 S,
2454 855 2638 916 inter-

184 950 350 1013 vallo
394 965 684 1033 aequante
727 953 1051 1014 dimidium
1102 951 1310 1014 lateris
1363 953 1527 1025 recti,
1561 952 2255 1014 describatur'circulus
2305 954 2392 1014 H
2399 954 2545 1025 kls,
2581 953 2641 1014 &

185 1050 267 1112 ad
311 1052 583 1132 corporis
623 1051 1059 1113 descendentis
1102 1050 1203 1113 vel
1249 1052 1643 1113 ascendentis
1694 1049 1897 1113 locum
1953 1052 2026 1123 G,
2083 1051 2144 1112 &
2195 1051 2399 1113 locum
2451 1050 2639 1112 alium

191 1150 477 1230 quemvis
542 1150 606 1222 C,
666 1150 983 1232 erigantur
1038 1149 1483 1231 perpendicula
1546 1150 1606 1211 G
1633 1150 1690 1221 I,
1757 1150 1814 1210 C
1836 1151 1908 1210 D
1965 1150 2350 1211 occurrentia
2408 1150 2641 1211 conicae

187 1247 447 1309 sectioni
477 1245 578 1308 vel
609 1245 834 1309 circulo
864 1248 926 1308 in
955 1248 1005 1308 J
1026 1271 1099 1310 ac
1128 1250 1213 1312 D.
1339 1248 1505 1309 Dein
1529 1248 1761 1330 junctis
1811 1248 1869 1308 S
1883 1249 1939 1320 J,
1975 1249 2032 1309 S
2049 1250 2134 1321 D,
2169 1248 2321 1309 fiant
2351 1270 2638 1331 segmen-

190 1347 270 1407 tis
301 1346 430 1407 SE
434 1346 550 1418 IS,
585 1346 642 1406 S
645 1346 714 1406 E
719 1347 856 1407 DS
893 1360 1165 1409 sectores
1195 1348 1281 1408 H
1284 1348 1341 1408 S
1344 1348 1430 1420 K,
1461 1347 1548 1407 H
1551 1347 1652 1408 Sk
1694 1345 1985 1427 aequaleS,
2021 1346 2081 1408 8c
2111 1369 2224 1427 per
2252 1369 2426 1428 prop.
2463 1367 2643 1407 XXXV

187 1466 409 1525 corpus
445 1445 505 1506 G
533 1445 843 1506 describet
885 1446 1154 1526 spatium
1206 1447 1266 1507 G
1288 1446 1346 1507 C
1383 1446 1607 1507 eodem
1660 1458 1943 1526 tempore
1988 1467 2115 1527 quo
2159 1467 2383 1527 corpus
2427 1447 2507 1507 K
2530 1446 2636 1507 de-

190 1542 458 1604 scribere
486 1555 695 1623 potest
724 1565 933 1604 arcum
962 1545 1044 1605 K
1056 1544 1112 1606 k.
1207 1544 1281 1620 Q.
1306 1545 1384 1606 E.
1406 1545 1480 1606 F.

362 1804 992 1867 PROPOSITIO
1071 1806 1527 1868 XXXVIII.
1626 1806 2229 1868 THEOREMA
2311 1808 2483 1869 XII.

187 1969 397 2031 Posito
445 1970 611 2051 quod
653 1970 744 2031 vis
792 1971 1121 2051 centripeta
1152 1972 1649 2051 proportionalis
1689 1973 1774 2034 sit
1814 1973 2149 2034 altitudini
2184 1996 2284 2036 seu
2328 1974 2645 2035 distantioe

271 2069 537 2129 locorum
565 2091 606 2130 a
632 2077 849 2142 centro,
881 2070 1009 2130 dico
1051 2070 1218 2150 quod
1250 2070 1594 2131 cadentium
1637 2078 1925 2150 tempora,
1961 2072 2293 2134 velocitates
2334 2075 2414 2138 ὣ*
2440 2072 2644 2153 spatia

272 2167 570 2248 descripta
618 2176 767 2229 sunt
813 2162 1092 2242 arc'ubuS,
1137 2190 1513 2250 artuumque
1550 2169 1786 2231 sinibus
1828 2171 2003 2232 rectis
2049 2172 2131 2235 <⁶9³
2171 2172 2406 2232 sinibus
2456 2171 2643 2231 versis

276 2266 587 2346 respective
594 2268 1113 2347 proportionalia.

306 2433 510 2495 Cadat
539 2456 761 2515 corpus
791 2435 872 2496 de
913 2434 1049 2497 loco
1079 2436 1303 2516 quovis
1332 2436 1401 2496 A
1438 2436 1780 2497 secundum
1869 2457 1906 2493 A

187 2545 418 2593 rectam
467 2533 534 2592 A
563 2534 657 2605 S,·
702 2534 762 2595 &
813 2547 1027 2596 centro
1078 2535 1303 2595 virium
1357 2535 1413 2595 S
1455 2533 1784 2595 intervallo
1909 2484 2310 2696 [Nxx

184 2631 254 2691 A
284 2632 350 2704 S,
382 2631 767 2693 describatur
795 2633 1000 2694 circuli
1032 2634 1346 2714 quadrans
1375 2635 1443 2694 A
1473 2635 1554 2705 E,
1581 2635 1786 2714 sitque
1909 2700 1914 2752 Ι
2453 2709 2485 2745 γ)

191 2730 248 2791 C
259 2731 331 2792 D
358 2731 529 2791 sinus
560 2744 762 2792 rectus
793 2753 970 2793 arcus
1001 2733 1273 2814 cujusvis
1303 2733 1371 2792 A
1400 2734 1472 2793 D
1492 2758 1516 2803 ,⁰
1562 2733 1621 2794 &
1653 2755 1782 2795 cor·
1866 2729 1902 2769 C
2325 2750 2348 2753 “
2378 2752 2393 2767 ²
2422 2751 2429 2754 ·
2466 2788 2482 2815 χ,

182 2851 300 2910 pus
329 2831 419 2902 A,
452 2843 733 2910 tempore
763 2832 830 2891 A
858 2832 942 2903 D,
976 2832 1260 2893 cadendo
1305 2832 1599 2893 describit
1644 2854 1783 2912 spa·
1906 2753 1913 3149 ι

2151 3148 2203 3151 —
2578 3131 2595 3173 I

180 2929 335 2989 tium
363 2929 432 2989 A
467 2929 532 3001 C,
567 2929 754 3010 inque
798 2928 934 2992 loco
985 2931 1042 2991 C
1069 2930 1347 3011 acquiret
1390 2929 1785 2992 velocitatem

190 3026 248 3088 C
260 3027 346 3087 D.

302 3124 786 3186 Demonstratur
807 3125 1029 3186 eodem
1055 3125 1244 3187 modo
1267 3147 1346 3186 eX
1366 3126 1790 3206 propositione
1873 3133 1903 3180 S

186 3241 246 3294 X,
282 3244 408 3302 quo
437 3223 779 3302 propositio
810 3243 995 3284 XXXII
1026 3245 1106 3285 eX
1136 3225 1562 3304 propositione
1593 3244 1660 3284 XI
1692 3224 2120 3285 demonstrata
2151 3224 2279 3285 fuit.

306 3319 503 3381 Corol.
548 3340 594 3381 1.
651 3319 820 3381 Hinc
851 3320 1115 3402 aequalia
1144 3335 1290 3382 sunt
1319 3335 1617 3402 tempora,
1651 3323 1877 3403 quibus
1909 3344 2134 3403 corpus
2165 3344 2358 3383 unum
2390 3324 2470 3384 de
2502 3322 2638 3385 loco

185 3416 253 3477 A
285 3417 573 3479 'cadendo
617 3420 902 3498 pervenit
945 3420 1025 3480 ad
1072 3432 1352 3481 centrum
1400 3421 1465 3493 S,
1501 3420 1561 3481 81
1605 3441 1831 3500 corpus
1883 3418 2050 3480 aliud
2096 3419 2484 3483 revolvendo
2528 3422 2635 3482 de-

186 3516 398 3577 scribit
426 3538 635 3577 arcum
667 3517 1139 3598 quadrantalem
1169 3520 1236 3579 A
1260 3519 1430 3580 DE.

304 3615 499 3676 Corol.
540 3636 591 3676 2.
647 3616 917 3677 Proinde
961 3615 1224 3697 aequalia
1267 3630 1414 3677 sunt
1443 3630 1727 3696 tempora
1770 3617 1982 3678 omnia
2011 3618 2237 3697 quibus
2268 3639 2527 3697 corpora
2557 3619 2636 3678 de

181 3708 331 3772 locis
362 3712 686 3792 quibusvis
729 3713 810 3774 ad
854 3735 1053 3795 usque
1096 3727 1376 3776 centrum
1421 3714 1663 3776 cadunt.
1759 3714 1929 3775 Nam
1975 3714 2427 3776 revolventium
2482 3730 2632 3774 tem-

185 3829 335 3888 pora
364 3810 572 3871 omnia
602 3810 913 3890 periodica
940 3818 1075 3893 (per
1105 3811 1285 3874 corol.
1322 3833 1407 3874 111.
1445 3834 1615 3893 prop.
1653 3812 1739 3893 Iv)
1775 3826 2113 3892 aequantur.
