2852 4250
0 0 93 332 f
1040 92 1278 139 LIBER
1313 91 1626 140 SECUND
1639 93 1736 141 σε.
2356 52 2362 53 7
2485 106 2604 178 369

45 286 58 320 z
175 255 504 319 tractiones
550 252 611 314 &
645 251 1038 313 dilatationes
1082 252 1348 330 partium
1392 250 1791 332 analogarum
1835 267 2017 315 erunt
2055 268 2125 316 ut
2167 258 2352 318 iidem
2383 247 2602 324 motuS.

8 327 51 427 ἒ·
176 353 489 415 Accurata
517 350 770 439 quidem
807 369 932 409 non
962 361 1058 408 est
1101 348 1235 408 haec
1279 349 1610 427 proportio.
1703 349 2129 410 Veruntamen
2173 354 2289 412 nisi
2332 369 2602 419 contrac-

173 450 376 510 tiones
427 446 488 507 &
546 444 938 505 dilatationes
995 445 1121 504 sint
1178 443 1363 505 valde
1421 446 1697 513 intensae,
1752 466 1877 505 non
1936 448 2165 508 errabit
2221 452 2602 526 sensibiliter,

172 547 440 624 ideoque
497 564 610 623 pro
668 541 925 621 physice
990 554 1274 601 accurata
1347 541 1560 601 haberi
1619 554 1842 620 potest.
1962 527 2125 604 Sunt
2181 559 2388 606 autem
2445 551 2606 611 vires

172 641 441 704 elasticae
507 638 795 699 motrices
861 648 930 696 ut
994 638 1443 698 contractiones
1511 638 1571 698 &
1635 637 2060 708 dilatationes;
2127 641 2187 701 &
2251 643 2607 707 velocitates

173 739 439 819 partium
483 734 815 815 aequalium
859 733 1039 793 simul
1083 735 1315 815 genitae
1359 747 1506 794 sunt
1548 748 1617 794 ut
1657 736 1835 796 vires.
1934 738 2210 818 Ideoque
2247 742 2516 820 aequales
2549 745 2608 804 &
2682 803 2685 805 ,

14 848 34 889 ³?
123 917 128 920 Δ
173 834 727 915 correspondentes
786 830 1075 910 pulsuum
1134 831 1747 909 correspondentium
1816 846 2021 911 partes
2081 836 2199 895 itus
2259 837 2319 897 &
2376 841 2607 900 reditus

172 955 318 995 suos
364 954 477 1012 per
521 930 722 1010 spatia
768 928 1288 989 contractionibus
1337 928 1397 987 ἃ
1440 927 1898 990 dilatationibus
1945 934 2436 1011 proportionalia,
2470 959 2608 997 cum

170 1028 600 1091 velocitatibus
631 1047 772 1105 quae
803 1037 948 1085 sunt
976 1038 1045 1084 ut
1075 1025 1290 1103 spatia,
1324 1025 1504 1084 simul
1536 1042 1837 1106 peragent
1868 1051 1880 1089 :
1928 1029 1986 1089 &
2017 1044 2344 1110 propterea
2374 1033 2604 1112 pulsuS‚

173 1129 279 1209 qui
330 1141 610 1206 tempore
661 1124 781 1184 itus
834 1124 895 1184 &
947 1124 1180 1184 reditus
1232 1125 1411 1183 unius
1469 1123 1855 1187 latitudinem
1923 1150 2097 1188 suam
2155 1134 2610 1213 progrediendo

171 1227 519 1299 conficiunt,
597 1224 658 1284 &
747 1224 808 1282 in
895 1221 1030 1283 loca
1102 1220 1390 1301 pulsuum
1463 1224 1744 1300 proxime
1816 1227 2294 1305 praecedentium
2366 1251 2610 1309 semper

170 1324 526 1396 succedunt,
580 1322 662 1382 ob
715 1319 1133 1400 aequalitatem
1192 1318 1639 1390 distantiarum,
1693 1321 1914 1400 aequali
1974 1345 2112 1383 cum
2164 1325 2488 1388 velocitate
2547 1329 2606 1388 in

172 1421 379 1482 medio
409 1433 672 1498 utroque
703 1416 1192 1497 progredientur.

287 1517 422 1577 Cas.
483 1536 534 1576 2.
594 1515 703 1575 Sin
759 1512 1048 1593 pulsuum
1079 1514 1389 1573 distantiae
1441 1536 1551 1575 seu
1603 1514 2021 1596 longitudines
2073 1519 2196 1579 sint
2246 1522 2508 1601 majores
2549 1523 2609 1581 in

171 1635 297 1675 uno
326 1613 551 1675 'medio
598 1633 786 1692 quam
840 1612 900 1671 in
953 1609 1180 1682 altero;
1235 1632 1538 1690 ponamus
1586 1613 1755 1691 quod
1807 1628 2013 1693 partes
2061 1619 2611 1696 correspondentes

172 1712 373 1792 spatia
418 1710 844 1771 latitudinibus
892 1707 1180 1789 pulsuum
1228 1708 1711 1786 proportionalia
1757 1711 2013 1793 singulis
2044 1714 2279 1774 vicibus
2316 1717 2520 1777 eundo
2552 1717 2612 1776 &

174 1810 494 1870 redeundo
552 1809 947 1870 describant:
1023 1805 1083 1866 &
1152 1804 1422 1884 aequales
1496 1821 1676 1867 erunt
1747 1830 1959 1869 earum
2032 1813 2478 1873 contractiones
2552 1813 2611 1873 &

174 1907 581 1969 dilatationes,
679 1907 958 1985 Ideoque
988 1905 1039 1964 si
1077 1905 1284 1964 media
1313 1905 1436 1964 sint
1480 1905 1882 1986 homogenea,
1917 1908 2185 1987 aequales
2217 1923 2395 1969 erunt
2424 1912 2608 1970 etiam

172 2005 336 2066 vires
417 2003 536 2065 illae
615 2003 883 2065 elasticae
964 2002 1252 2061 motrices
1340 2002 1564 2080 quibus
1624 2004 1936 2082 reciproco
2022 2019 2192 2066 motu
2279 2008 2603 2087 agitantur.

176 2102 445 2163 Materia
491 2116 698 2162 autem
747 2101 843 2161 his
883 2100 1118 2160 viribus
1166 2100 1478 2159 movenda
1508 2114 1602 2160 est
1650 2115 1717 2161 ut
1764 2100 2049 2180 pulsuum
2097 2101 2389 2177 latitudo;
2440 2105 2499 2165 ἃ
2547 2107 2607 2165 in

172 2200 391 2260 eadem
451 2200 688 2260 ratione
746 2211 843 2259 est
905 2198 1175 2277 spatium
1251 2219 1363 2276 per
1420 2198 1587 2277 quod
1665 2197 1921 2278 singulis
1980 2201 2216 2260 vicibus
2275 2203 2480 2263 eundo
2549 2203 2609 2263 Sc

172 2297 490 2359 redeundo
537 2297 773 2358 moveri
821 2296 1069 2356 debent.
1183 2294 1426 2374 Estque
1474 2308 1717 2373 tempus
1765 2295 1885 2356 itus
1935 2297 1994 2356 &
2042 2297 2272 2357 reditus
2319 2300 2497 2359 unius
2545 2301 2607 2359 in

171 2395 408 2455 ratione
480 2394 825 2473 composita
896 2414 975 2452 ex
1063 2393 1300 2453 ratione
1382 2391 1810 2471 subduplicata
1896 2395 2168 2454 materiae
2242 2395 2301 2454 ἃ
2374 2397 2609 2457 ratione

170 2491 599 2571 subduplicata
645 2492 843 2571 spatii,
876 2503 1064 2570 atque
1113 2491 1253 2551 ideo
1301 2504 1369 2550 ut
1415 2491 1697 2569 spatium.
1796 2482 2013 2550 Pulsus
2061 2505 2267 2551 autem
2319 2495 2606 2571 tempori-

168 2588 284 2648 bus
305 2589 424 2649 itus
446 2589 506 2649 &
525 2589 758 2650 reditus
783 2590 963 2649 unius
989 2588 1196 2649 eundo
1220 2587 1574 2647 latitudines
1598 2610 1740 2648 suas
1764 2589 2107 2660 conficiunt,
2135 2589 2251 2649 hoc
2274 2602 2383 2661 est,
2410 2591 2608 2669 spatia

169 2688 550 2767 temporibus
609 2686 1089 2767 proportionalia
1156 2699 1551 2765 percurrunt;
1626 2687 1685 2745 ἃ
1756 2699 2084 2765 propterea
2141 2698 2284 2745 sunt
2341 2687 2608 2766 aequive-

169 2782 347 2845 loces,

288 2883 420 2943 Cas,
477 2902 528 2960 3.
588 2883 661 2941 In
710 2882 931 2942 mediis
980 2882 1166 2963 igitur
1212 2881 1519 2941 densitate
1569 2881 1628 2941 &
1675 2881 1737 2940 vi
1786 2879 2035 2941 elastica
2082 2881 2346 2960 paribuS‚
2396 2878 2609 2959 pulsus

122 3036 124 3038 .
169 3001 385 3040 omnes
415 2993 561 3040 sunt
591 2979 1019 3059 aequiveloceS.
1114 2979 1303 3056 Quod
1349 2980 1400 3038 si
1447 2979 1633 3038 medii
1665 2977 1764 3038 vel
1796 2979 2070 3038 densitas
2101 2977 2199 3037 vel
2237 2979 2331 3037 vis
2362 2977 2611 3038 elastica

74 3159 78 3164 Ι
170 3077 537 3149 intendatur,
587 3078 880 3157 quoniam
933 3078 1028 3137 vis
1078 3067 1304 3137 motrix
1367 3078 1427 3135 in
1481 3077 1717 3137 ratione
1763 3077 1858 3135 vis
1911 3075 2196 3150 elasticae,
2247 3075 2307 3135 &
2358 3076 2611 3136 materia

170 3176 481 3236 movenda
538 3176 599 3235 in
653 3176 891 3235 ratione
949 3175 1275 3235 densitatis
1327 3187 1622 3255 augetur;
1683 3187 1945 3252 tempuS,
1993 3194 2117 3251 quo
2169 3185 2372 3232 motus
2426 3174 2609 3232 iidem

170 3286 544 3354 peragantur
585 3294 657 3332 ac
700 3273 886 3351 priuS,
924 3274 1253 3353 augebitur
1297 3273 1358 3332 in
1403 3271 1835 3351 subduplicata
1879 3271 2114 3330 ratione
2157 3270 2493 3340 densitatIS,
2540 3292 2611 3329 ac

170 3370 545 3430 diminuetur
617 3370 678 3429 in
738 3369 1172 3448 subduplicata
1244 3369 1480 3429 ratione
1550 3369 1645 3428 vis
1718 3367 2000 3428 elasticae.
2130 3368 2216 3427 Et
2286 3380 2610 3445 propterea

171 3465 465 3527 velocitas
509 3466 798 3546 pulsuum
843 3468 959 3527 erit
1011 3467 1071 3526 in
1118 3467 1355 3526 ratione
1399 3466 1742 3544 composita
1786 3487 1864 3525 ex
1908 3465 2143 3525 ratione
2187 3463 2610 3542 subduplicata

171 3563 492 3625 densitatis
541 3565 727 3625 medii
777 3565 1022 3624 inverse
1072 3564 1132 3624 &
1180 3564 1416 3624 ratione
1463 3561 1891 3645 subduplicata
1920 3563 2015 3621 vis
2051 3561 2314 3621 elasticae
2361 3561 2602 3623 directe.

178 3661 249 3735 Q.
271 3663 351 3722 E.
375 3663 460 3722 D.

291 3759 452 3820 Haec
482 3760 822 3839 propositio
853 3757 1107 3819 ulterius
1138 3757 1376 3836 patebit
1406 3777 1485 3815 ex
1518 3755 1972 3816 constructione
2002 3753 2330 3833 sequentis,

1341 3859 1369 3895 2
1407 3858 1446 3896 A
