2846 4250
1143 116 1381 164 LIBER
1422 116 1756 165 TERTIUS.
1922 75 1925 78 Ι
2573 133 2641 192 51
2663 135 2684 174 1

239 293 407 343 meta
433 278 580 340 anni
619 294 775 356 1577
805 278 944 339 Dec.
977 297 1054 354 29
1086 277 1451 338 versabatur
1472 264 1545 336 ‘in
1584 291 1633 338 3<
1661 280 1752 337 ggr.
1779 277 1883 353 41'
1911 298 2052 338 curn
2087 278 2411 341 latitudine
2454 278 2686 341 boreali

246 385 383 443 282‘·
414 379 519 458 40'
546 377 679 440 sole
709 379 898 440 etiam
928 378 1235 439 existente
1265 378 1327 437 in
1364 393 1416 447 νς
1462 379 1591 437 18⁸¹·
1615 368 1726 436 '26'
1756 376 2008 438 circiter.
2104 377 2395 458 Utroque
2433 378 2494 439 in
2538 399 2686 438 casu

239 492 404 541 terra
431 478 799 539 versabatur
841 477 903 536 in
948 475 1172 537 eodem
1207 474 1359 547 loc0,
1394 474 1455 535 &
1498 487 1742 535 cometa
1784 475 2124 554 apparebat
2167 475 2229 535 in
2277 476 2498 536 eadem
2544 474 2686 536 coeli

237 588 455 656 parte:
529 574 591 635 in
650 573 837 654 priori
897 586 1106 633 tamen
1155 593 1305 633 casu
1364 571 1565 631 cauda
1621 584 1883 632 cometae
1946 572 2048 653 (ex
2099 572 2254 633 meis
2314 573 2375 633 &
2425 572 2684 635 aliorum

238 671 800 753 observationibus)
846 670 1198 732 declinabat
1240 668 1470 750 angulo
1514 669 1822 750 graduum
1869 673 1944 745 4}
1978 669 2058 730 ab
2102 671 2494 750 oppositione
2539 671 2687 733 solis

239 771 594 853 aquilonem
634 792 886 843 versus;
934 770 996 829 in
1017 829 1021 833 ,
1041 769 1382 848 posteriore
1425 788 1578 828 vero
1627 766 1730 848 (ex
1773 768 2310 829 observationibus
2367 771 2683 852 Tyclwnz‘s)

240 867 572 931 declinatio
615 881 749 929 erat
797 866 1104 949 graduum
1156 887 1225 925 21
1283 866 1344 925 in
1392 877 1686 943 austrum.
1783 865 1983 944 Igitur
2025 867 2348 945 repudiata
2392 867 2688 930 coelorum

244 966 611 1027 refractione
634 976 920 1045 superest
949 977 1018 1024 ut
1046 963 1464 1042 phaenomena
1491 961 1827 1022 caudarum
1858 983 1937 1022 ex
1967 964 2225 1023 materia
2253 963 2460 1045 aliqua
2489 965 2696 1027 lucem·

244 1065 603 1126 reflectente
632 1064 1016 1124 deriventur.
1530 1078 1533 1081 ·

359 1164 608 1224 Caudas
667 1176 876 1223 autem
928 1184 966 1222 a
1023 1162 1328 1241 capitibus
1386 1161 1529 1221 oriri
1584 1160 1643 1220 &
1696 1160 1756 1219 in
1810 1160 2095 1241 regiones
2153 1183 2191 1221 a
2248 1162 2379 1224 sole
2436 1186 2689 1228 aversas

242 1266 581 1326 ascendere
611 1264 1009 1326 confirmatur
1037 1285 1116 1324 ex
1147 1262 1389 1344 legibus
1420 1284 1576 1342 quas
1607 1262 1957 1323 observant.
2055 1263 2150 1323 Ut
2184 1266 2354 1343 quod
2399 1267 2460 1326 in
2492 1267 2690 1347 planis

244 1361 487 1427 orbium
560 1377 943 1425 cometarum
1002 1383 1114 1440 per
1177 1360 1374 1422 solem
1434 1361 1896 1420 transeuntibus
1959 1361 2239 1441 jacentes
2298 1364 2554 1426 deviant
2610 1367 2690 1426 ab

242 1462 638 1541 oppositione
688 1459 835 1520 solis
888 1460 949 1518 in
1001 1480 1108 1519 eas
1159 1481 1409 1538 semper
1459 1471 1681 1538 parteS,
1729 1479 1884 1537 quas
1929 1459 2133 1536 capita
2179 1460 2241 1518 in
2279 1461 2529 1522 orbibus
2575 1462 2690 1523 illis

243 1559 704 1641 progredientia
755 1556 1125 1637 relinquunt.
1240 1556 1430 1633 Quod
1476 1555 1806 1634 spectatori
1860 1556 1921 1614 in
1969 1555 2069 1615 his
2112 1555 2311 1635 planis
2360 1561 2692 1622 constituto

243 1669 548 1738 apparent
578 1657 638 1716 in
670 1655 948 1735 partibus
979 1676 1016 1713 a
1046 1651 1178 1714 sole
1222 1653 1455 1713 directe
1486 1652 1753 1723 aversis;
1800 1652 2188 1733 digrediente
2218 1668 2425 1716 autem
2457 1671 2691 1738 specta-

245 1770 379 1818 tore
408 1756 490 1816 de
519 1755 616 1815 his
647 1753 863 1835 planiS‚
898 1753 1172 1813 deviatio
1204 1750 1500 1831 paulatim
1532 1751 1807 1820 sentitur,
1843 1749 1902 1810 &
1948 1750 2145 1811 indies
2190 1767 2449 1832 apparet
2479 1757 2687 1835 major.
2713 1780 2717 1784 ·

246 1854 437 1932 Quod
482 1854 756 1914 deviatio
801 1852 1039 1912 caeteris
1084 1851 1336 1931 paribus
1382 1850 1582 1909 minor
1624 1863 1721 1909 est
1763 1849 1867 1907 ubi
1913 1849 2111 1908 cauda
2154 1850 2459 1930 obliquior
2488 1867 2583 1913 est
2612 1854 2690 1913 ad

245 1953 460 2014 orbem
506 1964 782 2022 cornetae,
816 1963 886 2010 ut
933 1949 993 2009 &
1040 1949 1145 2008 ubi
1191 1959 1378 2027 c‘aput
1429 1960 1687 2008 cometae
1740 1947 1820 2006 ad
1873 1945 2067 2006 solem
2120 1950 2371 2028 propius
2418 1952 2688 2021 accedit;

244 2051 589 2132 praesertim
619 2050 670 2109 si
702 2061 1015 2129 spectetur
1044 2047 1415 2107 deviationis
1446 2044 1709 2126 angulus
1732 2046 1912 2125 juxta
1943 2059 2127 2124 caput
2157 2061 2430 2109 cometae.
2527 2050 2685 2110 Prae-

246 2162 416 2209 terea
467 2147 636 2227 quod
688 2146 906 2207 caudae
959 2166 1082 2205 non
1136 2144 1462 2204 deviantes
1515 2156 1819 2223 apparent
1871 2158 2068 2216 rectae,
2116 2146 2438 2207 deviantes
2486 2162 2693 2209 autem

246 2248 659 2308 incurvantur.
755 2243 944 2323 Quod
994 2255 1321 2302 curvatura
1372 2243 1569 2323 major
1611 2255 1707 2301 est
1759 2242 1862 2300 ubi
1915 2244 2113 2323 major
2156 2257 2252 2303 est
2299 2245 2587 2318 deviatio,
2636 2246 2695 2306 &

248 2345 446 2425 magis
491 2341 797 2403 sensibilis
828 2342 932 2401 ubi
964 2341 1162 2400 cauda
1193 2342 1432 2401 caeteris
1464 2340 1714 2420 paribus
1746 2340 1988 2421 longior
2017 2354 2113 2401 est
2140 2365 2151 2402 ε
2199 2364 2341 2402 nam
2388 2344 2446 2403 in
2489 2345 2694 2405 -brevi-

246 2443 458 2504 oribus
509 2454 838 2501 curvatura
896 2461 1063 2521 aegre
1121 2439 1651 2499 animadvertitur,
1768 2438 1957 2515 Quod
2002 2439 2373 2500 deviationis
2432 2440 2695 2522 angulus

244 2542 451 2619 *minor
507 2553 604 2600 est
651 2540 834 2620 juxta
891 2551 1079 2618 caput
1136 2551 1414 2608 cometae,
1477 2538 1674 2617 major
1729 2538 1911 2616 juxta
1968 2537 2182 2597 caudae
2241 2539 2694 2600 extremitatem

248 2639 522 2710 alteram,
555 2652 744 2718 atque
792 2639 934 2698 ideo
964 2637 1134 2717 quod
1180 2637 1379 2697 cauda
1424 2658 1707 2697 convexo
1741 2636 1834 2694 sui
1879 2634 2070 2695 latere
2116 2649 2321 2715 partes
2370 2638 2616 2716 respicit
2659 2660 2697 2698 a

249 2737 475 2818 quibus
536 2736 606 2796 fit
662 2737 955 2811 deviati0‚
1005 2758 1274 2816 quaeque
1335 2736 1395 2795 in
1449 2747 1617 2794 recta
1668 2747 1812 2792 sunt
1870 2732 2031 2793 linea
2082 2755 2118 2792 a
2169 2732 2299 2793 sole
2357 2755 2469 2813 per
2514 2749 2699 2814 caput

250 2848 510 2897 cometae
559 2836 621 2895 in
676 2835 981 2895 infinitum
1031 2835 1232 2895 ducta.
1328 2834 1415 2893 Et
1463 2833 1631 2912 quod
1686 2832 1899 2892 caudae
1950 2853 2090 2910 quae
2143 2830 2502 2910 prolixiores
2554 2846 2699 2893 sunt

251 2933 312 2994 Sc
356 2932 619 3005 latioreS,
668 2933 728 2994 &
779 2932 915 2994 luce
966 2934 1286 3015 vegetiore
1338 2933 1582 3001 micant,
1631 2932 1754 2990 sint
1804 2930 1883 2989 ad
1936 2928 2130 3014 latera
2180 2951 2461 2991 convexa
2513 2931 2697 3011 paulo

251 3030 702 3111 splendidiores
733 3031 794 3092 ἃ
838 3031 1032 3092 limite
1073 3033 1276 3092 minus
1308 3031 1664 3091 indistincto
1695 3028 2038 3089 terminatae
2074 3049 2261 3107 quam
2292 3028 2372 3087 ad
2404 3050 2691 3091 concava.

257 3129 541 3189 Pendent
570 3130 756 3210 igitur
785 3130 1199 3209 phaenomena
1222 3130 1437 3190 caudae
1469 3151 1506 3188 a
1537 3141 1707 3188 motu
1733 3127 1965 3205 capitiS,
1994 3146 2117 3185 non
2138 3138 2345 3186 autem
2378 3149 2413 3185 a
2445 3128 2696 3207 regione

252 3228 391 3289 coeli
423 3230 485 3289 in
516 3251 641 3308 qua
669 3243 855 3309 caput
886 3230 1289 3309 conspicitur;
1339 3229 1399 3288 ἃ
1428 3240 1758 3307 propterea
1789 3247 1911 3286 non
1945 3225 2100 3284 fiunt
2129 3246 2241 3304 per
2269 3226 2695 3286 refractionem

252 3326 565 3398 coelorum,
599 3327 711 3387 sed
755 3349 793 3387 a
836 3328 1038 3407 capite
1084 3327 1526 3407 suppeditante
1574 3324 1895 3383 materiam
1943 3323 2233 3383 oriuntur.
2329 3323 2580 3382 Etenim
2629 3336 2697 3383 ut

254 3426 316 3486 in
363 3435 507 3486 aere
555 3438 767 3486 nostro
810 3425 1016 3485 fumus
1064 3426 1337 3506 corporis
1386 3424 1656 3504 cujusvis
1711 3422 1885 3503 igniti
1934 3421 2089 3500 petit
2132 3419 2461 3498 superiora,
2510 3421 2696 3500 idque

252 3521 354 3583 vel
396 3522 985 3602 perpendiculariter
1014 3524 1065 3583 si
1096 3545 1318 3602 corpus
1350 3523 1641 3602 quiescat,
1674 3519 1773 3580 vel
1820 3519 2070 3597 oblique
2117 3518 2167 3576 si
2213 3539 2434 3596 corpus
2483 3540 2692 3579 move-

254 3633 394 3680 atur
438 3620 501 3680 in
547 3618 748 3681 latus:
795 3621 881 3680 ita
928 3622 988 3680 in
1037 3621 1224 3692 coelis,
1258 3621 1362 3680 ubi
1411 3640 1669 3698 corpora
1713 3618 2028 3697 gravitant
2075 3616 2133 3675 in
2180 3614 2389 3686 solem,
2436 3615 2586 3675 fumi
2636 3617 2696 3676 &

256 3739 521 3798 vapores
567 3719 902 3780 ascendere
950 3719 1182 3779 debent
1228 3741 1266 3778 a
1312 3717 1442 3778 sole
1494 3716 1605 3797 (uti
1646 3716 1775 3796 jam
1825 3714 2055 3775 dictum
2104 3713 2222 3793 est)
2274 3713 2334 3773 81
2380 3715 2698 3792 superiora
