2852 4250
1098 78 1336 129 LIBER
1367 77 1678 127 PRIMUS
2497 100 2519 143 1
2533 86 2612 161 87

264 244 314 305 B
366 243 568 304 trahit
606 243 788 304 etiam
830 250 1042 303 caetera
1085 241 1169 316 A,
1201 241 1271 312 C,
1323 241 1406 316 D,
1442 241 1565 304 &a
1599 239 1838 300 viribus
1876 260 2014 319 quae
2035 247 2186 300 sunt
2226 241 2516 328 reciproce
2541 254 2617 305 ut

257 354 569 436 quadrata
596 354 1042 415 dzktantz'arum
1069 375 1111 413 a
1139 352 1417 413 trahente
1431 377 1451 413 .·
1492 357 1680 411 erunt
1704 351 1990 412 absolutae
2023 359 2346 430 corporum
2375 355 2615 415 trahen-

258 468 417 527 tium
465 467 547 541 A,
586 467 636 527 B
686 466 846 527 vires
888 465 980 526 ad
1015 464 1284 539 invicem,
1316 471 1392 523 ut
1432 471 1583 524 sunt
1622 463 1757 543 ipsa
1806 469 2061 542 corpora
2105 463 2189 554 A,
2240 464 2310 540 B,
2354 487 2617 545 quorum

255 586 411 639 sunt
437 578 610 638 vires.

300 727 468 787 Nam
513 725 910 787 attractiones
954 723 1413 786 acceleratrices
1458 745 1784 804 corporum
1830 724 2107 786 omnium
2150 726 2232 801 B,
2286 726 2350 798 C,
2381 727 2454 787 D
2481 747 2618 788 ver-

176 847 284 886 sus
335 824 424 896 A,
477 824 728 904 paribus
772 822 1096 894 distantiiS,
1143 822 1259 882 sibi
1307 821 1573 882 invicem
1625 835 1954 901 aequantur
2003 844 2083 884 ex
2130 823 2459 904 hypothesi
2482 849 2495 898 ;
2559 824 2620 886 &

119 931 124 935 ’
177 921 457 983 similiter
512 920 910 981 attractiones
968 918 1427 981 acceleratrices
1492 930 1827 998 ‘corporum
1900 915 2177 981 omnium
2249 936 2468 982 versus
2538 923 2618 995 B,

175 1021 428 1101 paribus
479 1019 804 1091 distantiiS,
854 1019 970 1078 sibi
1020 1018 1285 1078 invicem
1330 1029 1671 1097 aequantur.
1776 1016 1895 1077 Est
1942 1030 2151 1079 autem
2196 1017 2480 1080 absoluta
2522 1021 2620 1081 vis

174 1118 501 1179 attractiva
544 1117 816 1197 corporis
859 1117 928 1177 A
978 1115 1059 1176 ad
1103 1115 1231 1175 vim
1277 1112 1625 1174 absolutam
1671 1115 2062 1176 attractivam
2107 1117 2379 1196 corporis
2425 1118 2504 1190 B,
2550 1130 2622 1179 ut

173 1215 457 1276 attractio
507 1213 902 1275 acceleratrix
947 1234 1274 1293 corporum
1326 1213 1604 1273 omnium
1648 1234 1868 1273 versus
1918 1213 1986 1272 A
2051 1213 2132 1272 ad
2190 1214 2620 1275 attractionem

173 1311 662 1373 acceleratricem
722 1333 1049 1391 corporum
1100 1310 1378 1372 omnium
1437 1331 1656 1371 versus
1713 1311 1792 1382 B,
1839 1311 2090 1390 paribus
2141 1311 2483 1386 distantiis;
2559 1313 2621 1373 &

174 1411 260 1471 ita
309 1423 407 1471 est
456 1411 740 1471 attractio
783 1409 1179 1470 acceleratrix
1224 1409 1499 1489 corporis
1543 1410 1609 1469 B
1651 1423 1869 1468 versus
1921 1409 2010 1481 A,
2057 1408 2138 1468 ad
2189 1411 2619 1472 attractionem

173 1507 662 1569 acceleratricem
720 1508 993 1588 corporis
1050 1509 1119 1568 A
1183 1529 1402 1568 versus
1459 1508 1537 1568 B.
1670 1507 1802 1568 Sed
1870 1508 2154 1568 attractio
2225 1508 2622 1570 acceleratrix

177 1607 450 1687 corporis
479 1608 545 1666 B
586 1629 805 1668 versus
834 1607 903 1667 A
953 1619 1049 1667 est
1092 1606 1172 1666 ad
1217 1606 1649 1677 attractionem
1694 1604 2184 1667 acceleratricem
2230 1609 2503 1687 corporis
2546 1610 2614 1669 A

175 1726 395 1766 versus
437 1706 517 1777 B,
550 1718 619 1765 ut
662 1726 869 1765 massa
912 1704 1187 1783 corporis
1230 1705 1299 1764 A
1350 1704 1430 1764 ad
1477 1725 1748 1764 massam
1793 1705 2067 1783 corporis
2118 1706 2229 1776 B,·
2293 1720 2623 1787 propterea

175 1804 345 1883 quod
392 1804 556 1864 vires
608 1804 912 1875 motrice5‚
967 1825 1109 1883 quae
1144 1801 1281 1883 (per
1323 1802 1751 1863 definitionem
1796 1803 2151 1875 secundam,
2185 1806 2514 1884 septimam
2561 1806 2621 1867 &

175 1902 484 1983 octavam)
534 1914 680 1961 sunt
709 1914 779 1961 ut
807 1901 972 1962 vires
1017 1899 1475 1961 acceleratrices
1522 1901 1582 1961 &
1626 1922 1887 1980 corpora
1930 1914 2193 1963 attracta
2222 1904 2614 1984 conjunctim,

174 1999 273 2060 hic
323 2012 469 2059 sunt
523 1998 660 2080 (per
709 2012 915 2060 motus
962 1997 1167 2080 legem
1220 1998 1491 2078 tertiam)
1549 1999 1665 2058 sibi
1716 1999 1983 2060 invicem
2037 1999 2324 2079 aequales,
2441 2001 2616 2083 Ergo

173 2097 459 2158 absoluta
497 2098 594 2157 vis
634 2097 961 2157 attractiva
1007 2097 1281 2176 corporis
1326 2097 1394 2156 A
1429 2110 1525 2157 est
1554 2097 1634 2157 ad
1676 2095 2024 2158 absolutam
2056 2099 2185 2157 vim
2229 2100 2620 2159 attractivam

173 2195 447 2275 corporis
476 2196 557 2269 B,
591 2208 660 2255 ut
689 2216 896 2254 massa
925 2196 1198 2274 corporis
1228 2195 1296 2254 A
1333 2195 1413 2255 ad
1445 2217 1715 2255 massam
1746 2196 2020 2275 corporis
2049 2197 2127 2256 B.
2220 2197 2293 2271 Q.
2318 2198 2399 2258 E.
2427 2199 2511 2259 D.

290 2294 484 2353 Corol.
528 2314 573 2356 1.
644 2293 813 2353 Hinc
860 2293 911 2353 si
959 2291 1203 2373 singula
1252 2294 1608 2373 systematis
1661 2316 1920 2374 corpora
1969 2295 2059 2366 A,
2108 2296 2187 2366 B,
2249 2297 2312 2366 C,
2361 2297 2446 2368 D,
2481 2296 2614 2369 Sco,

171 2391 430 2452 seorsim
460 2403 739 2470 spectata
790 2390 1039 2451 trahant
1086 2404 1311 2451 caetera
1357 2393 1568 2453 omnia
1615 2393 1850 2453 viribus
1896 2391 2441 2466 acceleratricibuS,
2476 2416 2619 2475 quae

171 2502 318 2550 sunt
347 2490 656 2569 reciproce
697 2502 766 2550 ut
800 2490 1104 2569 quadrata
1150 2490 1582 2550 distantiarum
1627 2513 1666 2550 a
1717 2490 2036 2564 trahente;
2083 2504 2263 2551 erunt
2293 2514 2619 2572 corporum

177 2586 416 2650 illorum
447 2588 724 2650 omnium
754 2589 919 2648 vires
950 2587 1251 2649 absolutae
1283 2589 1363 2648 ad
1397 2590 1662 2649 invicem
1694 2602 1762 2649 ut
1791 2602 1936 2649 sunt
1967 2590 2102 2668 ipsa
2131 2611 2404 2669 corpora,

292 2688 489 2749 Corol.
529 2708 580 2748 2.
634 2686 881 2748 Eodem
913 2699 1298 2767 argumento,
1332 2687 1383 2747 si
1429 2686 1674 2768 singula
1717 2687 2073 2766 systematis
2118 2708 2377 2767 corpora
2418 2689 2508 2760 A,
2540 2690 2619 2761 B,

181 2785 247 2857 C,
278 2786 363 2857 D,
407 2784 516 2847 &c
564 2785 823 2846 seorsim
876 2797 1158 2863 spectata
1207 2785 1459 2846 trahant
1507 2799 1733 2846 caetera
1783 2786 1995 2846 omnia
2044 2786 2279 2846 viribus
2326 2786 2626 2848 accelera-

172 2883 443 2953 tricibuS,
504 2904 647 2962 quae
705 2895 851 2943 sunt
900 2881 1001 2944 vel
1063 2884 1389 2964 reciproce,
1418 2906 1421 2909 ·
1450 2883 1551 2945 vel
1611 2884 1843 2945 directe
1897 2884 1957 2944 in
2012 2884 2251 2945 ratione
2303 2884 2623 2966 dignitatis

175 2982 596 3063 cujuscunque
626 2981 1058 3041 distantiarum
1104 3003 1142 3042 a
1185 2982 1486 3054 trahente,
1521 3004 1745 3062 quaeve
1789 2982 2131 3042 secundum
2172 2982 2375 3064 legem
2409 3006 2622 3063 quam-

170 3100 419 3159 cunque
449 3101 840 3140 communem
887 3101 966 3139 ex
1006 3079 1317 3140 distantiis
1362 3081 1442 3140 ab
1486 3102 1865 3161 unoquoque
1896 3081 2181 3141 trahente
2211 3082 2621 3155 definiuntur;

176 3189 419 3238 constat
448 3177 618 3257 quod
650 3198 977 3256 corporum
1009 3175 1250 3238 illorum
1282 3178 1448 3239 vires
1479 3178 1780 3240 absolutae
1811 3192 1966 3239 sunt>
1987 3191 2055 3239 ut
2084 3201 2358 3259 corpora.
2407 3227 2410 3229 >

294 3275 490 3334 Corol.
545 3294 598 3352 3.
671 3275 745 3334 In
804 3287 1144 3354 systemate
1203 3297 1548 3356 corporum,
1596 3298 1861 3357 quorum
1920 3278 2085 3338 vires
2137 3278 2503 3339 decrescunt
2559 3279 2621 3340 in

179 3370 414 3432 ratione
444 3370 757 3451 duplicata
786 3372 1234 3445 distantiarum,
1267 3375 1319 3434 si
1351 3375 1591 3435 minora
1620 3376 1781 3435 circa
1824 3375 2164 3434 maximum
2195 3375 2256 3435 in
2288 3375 2620 3456 ellipsibus,

177 3468 532 3530 umbilicum
592 3491 986 3531 communem
1046 3471 1107 3531 in
1167 3472 1421 3532 maximi
1482 3471 1640 3532 illius
1699 3486 1913 3534 centro
1971 3473 2359 3546 habentibus
2435 3497 2622 3555 quam

130 3636 137 3643 .
179 3565 307 3627 fieri
355 3581 563 3647 potest
609 3568 1085 3630 accuratissimis
1130 3569 1565 3643 revolvantur;
1613 3571 1673 3632 &
1717 3572 1906 3632 radiis
1951 3572 2032 3632 ad
2083 3573 2422 3646 maximum
2471 3573 2621 3634 illud
