2846 4250
1209 75 1445 124 LIBER
1483 76 1818 126 TERTIUS.

248 250 474 318 potest.
543 239 617 300 In
643 239 1207 320 ipsoccontinentur
1225 241 1286 301 &
1305 256 1634 304 moventur
1654 245 1960 320 universa,

252 336 364 396 sed
414 337 549 397 sine
601 349 817 397 mutua
866 337 1170 416 passione.
1295 339 1470 400 Deus
1529 339 1679 401 nihil
1731 342 1962 421 patitur

251 453 331 492 ex
402 453 728 512 corporum
801 435 1111 495 motibus:
1200 433 1302 495 illa
1384 435 1613 497 nullam
1685 439 1961 500 sentiunt

251 529 663 589 resistentiam
695 551 774 590 ex
804 531 1307 610 omnipraesentia
1336 532 1451 593 dei.
1543 533 1753 594 Deum
1795 557 1958 595 sum-

244 645 421 685 mum
473 627 821 688 necessario
872 627 1138 688 existere
1197 628 1258 687 in
1318 629 1602 691 confesso
1659 643 1795 692 est:
1873 632 1960 692 Et

249 722 470 783 eadem
502 725 871 785 necessitate
912 732 1145 803 semper
1185 738 1281 785 est
1311 724 1371 785 &
1414 726 1645 806 ubique.
1772 728 1961 789 Unde

248 820 437 880 etiam
495 834 661 883 totus
713 835 809 883 est
859 822 954 882 sui
1001 821 1233 893 similis,
1291 834 1459 882 totus
1509 822 1738 895 oculuS,
1793 837 1960 886 totus

247 918 427 989 auriS,
502 930 669 979 totus
743 919 1080 992 cerebrum,
1157 931 1323 979 totus
1395 920 1730 992 brachium,
1791 934 1960 983 totus

247 1014 343 1074 vis
395 1015 718 1087 sentiendi,
770 1014 1170 1096 intelligendi,
1219 1015 1280 1075 &
1323 1017 1567 1097 agendi,
1618 1018 1730 1078 sed
1789 1040 1960 1081 more

251 1112 504 1173 minime
550 1113 839 1185 humano,
889 1134 1062 1173 more
1115 1113 1367 1173 minime
1426 1135 1738 1194 corporeo,
1788 1137 1960 1177 more

250 1210 428 1271 nobis
475 1232 727 1290 prorsus
776 1211 1104 1292 incognite.
1204 1210 1300 1270 Ut
1350 1232 1549 1271 caecus
1602 1233 1726 1272 non
1774 1212 1963 1274 habet

251 1308 454 1368 ideam
512 1308 803 1380 colorum,
860 1308 948 1368 sic
1007 1329 1121 1368 nos
1181 1307 1385 1367 ideam
1456 1329 1580 1369 non
1660 1309 1961 1370 habemus

249 1405 594 1480 modorum,
645 1406 870 1485 quibus
914 1404 1070 1464 deus
1122 1405 1612 1483 sapientissimus
1670 1408 1860 1467 sentit
1905 1408 1964 1468 &

2568 96 2686 156 529

2078 260 2100 287 c
2110 245 2178 287 Ita
2196 247 2428 289 sentiebant
2445 253 2615 298 veteres,
2639 255 2686 290 ut

2033 300 2289 353 &thagoras
2314 302 2428 355 apud
2459 303 2685 344 Ciceronem

2033 354 2087 394 de
2126 355 2288 396 Natura
2320 356 2492 396 deorum
2519 357 2594 398 lib.
2634 367 2652 397 1
2673 371 2687 408 ς

2040 409 2084 448 T
2074 408 2184 448 hales
2190 422 2208 457 ;
2226 411 2504 462 Anaxagoras
2511 424 2531 456 ,⁰
2553 411 2685 463 Virgi-

2031 461 2115 502 lius
2140 462 2329 516 Georgic.
2355 464 2421 504 lib.
2447 465 2489 505 iv
2515 478 2553 505 v.
2586 475 2680 514 220,

2032 515 2070 556 &
2103 508 2269 557 AEneid.
2310 517 2375 557 lib.
2414 516 2451 558 6.
2490 532 2528 558 v.
2574 526 2683 570 721;

2031 569 2154 610 Philo
2200 570 2385 623 Allegor.
2427 572 2492 612 lib.
2539 582 2555 612 1
2605 572 2682 613 sub

2032 624 2180 673 initi03
2210 626 2371 664 Aratus
2397 625 2441 664 in
2466 625 2678 667 Phaenom.

2032 678 2109 718 sub
2129 678 2260 718 initio.
2322 679 2390 718 Ita
2409 679 2534 719 etiarn
2554 680 2681 732 scrip-

2030 737 2141 772 tores
2161 732 2264 773 sacri
2283 737 2329 772 ut
2343 733 2504 772 Paulus
2518 733 2562 772 in
2581 734 2692 775 Act„

2030 786 2114 826 xvii
2149 794 2216 837 27,
2260 785 2340 836 283
2387 787 2600 839 Johannes
2638 787 2683 828 in

2032 841 2191 892 Evang.
2244 841 2315 880 xiv
2351 850 2406 891 23
2461 841 2593 881 Moses
2637 841 2681 881 in

2032 894 2157 934 Deut.
2210 894 2252 934 iv
2306 904 2371 946 39,
2432 894 2469 935 &
2515 909 2543 935 x
2599 906 2682 946 143

2031 947 2181 988 David
2204 944 2310 989 Psal.
2336 949 2481 988 cxxxix
2503 956 2539 999 7,
2564 947 2602 998 8,
2627 959 2654 999 9
2671 963 2684 998 ;

2032 1003 2219 1042 Salomon
2266 1012 2282 1041 1
2335 1003 2438 1054 Reg.
2482 1003 2552 1042 viii
2597 1011 2683 1053 27;

2032 1056 2114 1108 Job
2145 1056 2229 1095 xxii
2258 1066 2314 1104 12,
2353 1067 2414 1108 13,
2453 1067 2532 1108 143
2570 1057 2682 1109 Jere-

2033 1111 2139 1150 mias
2166 1110 2265 1149 xxiii
2302 1120 2366 1161 23,
2406 1121 2470 1160 24.
2533 1111 2683 1162 Finge·

2033 1163 2135 1203 bant
2168 1169 2306 1203 autem
2338 1164 2569 1204 idololatrae
2601 1164 2682 1204 sol-

2033 1230 2113 1267 em,
2146 1217 2288 1257 lunam
2317 1217 2353 1258 δι
2380 1224 2500 1268 astra,
2525 1219 2684 1258 animas

2032 1271 2250 1311 hominum
2296 1271 2333 1312 &
2385 1272 2487 1312 alias
2537 1273 2684 1312 mundi

2033 1331 2171 1378 partes
2185 1339 2273 1366 esse
2291 1331 2427 1378 partes
2446 1326 2514 1366 dei
2532 1326 2684 1366 summi

2035 1379 2072 1420 &
2091 1380 2186 1420 ideo
2206 1380 2401 1420 colendas
2420 1380 2494 1420 sed
2510 1379 2626 1421 falso.

248 1507 534 1590 intelligit
583 1508 806 1569 omnia.
929 1508 1206 1587 Corpore
1254 1510 1422 1569 omni
1476 1509 1536 1570 &
1587 1509 1786 1591 figura
1836 1533 2131 1591 corporea
2188 1534 2438 1591 prorsus
2496 1511 2682 1572 desti-

246 1608 452 1679 tuitur,
487 1608 754 1687 ideoque
783 1606 981 1667 videri
1014 1628 1136 1667 non
1167 1619 1391 1686 potest,
1426 1629 1540 1668 nec
1569 1609 1784 1683 audiri,
1819 1630 1933 1669 nec
1962 1610 2148 1690 tangi,
2182 1631 2295 1670 nec
2337 1610 2452 1669 sub
2482 1609 2687 1689 specie

246 1708 332 1769 rei
378 1706 633 1789 alicujus
680 1706 956 1786 corporei
1005 1705 1120 1767 coli
1170 1707 1371 1767 debet.
1472 1707 1656 1769 Ideas
1705 1708 2006 1769 habemus
2054 1708 2485 1769 attributorum
2533 1710 2682 1789 ejuS,

244 1805 356 1867 sed
401 1806 551 1886 quid
596 1806 678 1865 sit
722 1805 807 1865 rei
853 1803 1108 1885 alicujus
1154 1805 1500 1865 substantia
1548 1806 1799 1866 minime
1841 1807 2287 1887 cognoscimus
2381 1807 2686 1866 Videmus

245 1915 487 1964 tantum
519 1923 846 1982 corporum
878 1901 1107 1982 figuras
1140 1900 1199 1961 &
1230 1899 1480 1973 coloreS,
1514 1903 1800 1962 audimus
1853 1914 2094 1963 tantum
2139 1924 2341 1974 sonOS,
2375 1903 2686 1984 tangimus

246 2019 489 2067 tantum
548 2004 904 2084 superficies
964 2015 1267 2074 externaS,
1322 2001 1642 2063 olfacimus
1701 2003 1927 2063 odores
1987 2002 2168 2074 SOIOS,
2238 2002 2298 2062 ἃ
2364 2014 2687 2083 gustamus

245 2126 540 2184 sapores:
630 2103 876 2163 intimas
949 2100 1329 2161 substantias
1403 2099 1572 2162 nullo
1643 2122 1846 2173 sensu,
1908 2099 2075 2160 nulla
2146 2101 2387 2161 actione
2460 2100 2689 2160 reflexa

245 2201 710 2284 cognoscimus;
759 2199 819 2259 &
849 2197 1043 2259 multo
1074 2198 1276 2258 minus
1308 2198 1511 2258 ideam
1543 2198 1841 2259 habemus
1887 2198 2247 2258 substantiae
2288 2197 2403 2258 dei.
2498 2197 2700 2290 Hunc¹

167 2313 175 2321 '
246 2303 679 2386 cognoscimus
737 2299 1130 2362 solummodo
1177 2321 1289 2379 per
1338 2300 1749 2379 proprietates
1801 2300 1933 2381 ejus
1987 2299 2047 2359 &
2097 2299 2406 2370 attributa,
2462 2296 2522 2357 &
2579 2318 2692 2376 per

244 2402 733 2483 sapientissimas
765 2400 826 2460 &
855 2399 1122 2479 optimas
1154 2420 1357 2459 rerum
1387 2411 1723 2459 structuras
1769 2399 1830 2459 &
1877 2421 2092 2459 causas
2138 2396 2369 2473 finaleS‚
2405 2397 2464 2457 ἃ
2494 2396 2686 2456 admi-

243 2523 452 2562 ramur
497 2501 579 2561 ob
626 2498 1070 2579 perfectiones;
1135 2518 1506 2557 veneramur
1555 2510 1765 2557 autem
1798 2496 1857 2556 ἃ
1887 2495 2143 2557 'colimus
2194 2496 2277 2556 ob
2323 2495 2682 2555 dominium.

247 2600 526 2662 Colimus
577 2600 742 2659 enim
787 2611 856 2658 ut
907 2597 1087 2668 servi,
1123 2596 1183 2657 &
1229 2597 1385 2657 deus
1436 2597 1570 2656 sine
1622 2596 1912 2667 dominio,
1945 2595 2351 2675 providentia,
2386 2594 2446 2654 ἃ
2489 2594 2688 2654 causis

244 2697 530 2759 finalibus
562 2696 711 2757 nihil
757 2695 926 2757 aliud
971 2708 1067 2757 est
1111 2717 1299 2775 quam
1343 2694 1539 2755 fatum
1572 2694 1632 2754 Sc
1663 2706 1896 2754 natura.
1989 2693 2052 2752 A
2102 2690 2267 2753 caeca
2318 2692 2686 2752 necessitate

246 2796 686 2876 metaphysica,
719 2816 861 2875 quae
912 2794 1128 2874 utique
1179 2793 1400 2854 eadem
1448 2805 1544 2853 est
1587 2812 1834 2871 semper
1885 2791 1945 2851 &
1988 2791 2233 2871 ubique,
2282 2788 2448 2849 nulla
2497 2789 2689 2850 oritur

246 2917 451 2957 rerum
503 2894 776 2956 variatio,
899 2893 1067 2954 Tota
1117 2913 1321 2952 rerum
1373 2890 1759 2952 conditarum
1812 2911 1925 2968 pro
1975 2887 2125 2949 locis
2176 2909 2247 2948 ac
2305 2887 2687 2967 temporibus

246 2995 575 3056 diversitas
632 2994 714 3054 ab
773 2993 927 3053 ideis
988 2992 1049 3053 &
1095 2990 1415 3052 voluntate
1466 2989 1627 3049 entis
1686 2987 2032 3048 necessario
2091 2986 2412 3047 existentis
2459 2985 2685 3047 solum-

247 3093 437 3155 modo
494 3092 637 3154 oriri
696 3091 912 3172 potuit.
1038 3089 1282 3150 Dicitur
1351 3100 1560 3148 autem
1618 3086 1772 3146 deus
1845 3106 1957 3164 per
2026 3082 2383 3165 allegoriam
2454 3082 2686 3156 videre,

247 3191 477 3263 audire,
537 3188 724 3270 loqui,
787 3189 1002 3260 ridere,
1063 3208 1288 3258 amare,
1349 3185 1494 3246 odio
1563 3183 1806 3254 habere,
1868 3203 2108 3262 cupere,
2168 3181 2333 3253 dare,
2393 3180 2684 3260 accipere,

246 3286 536 3374 gaudere,
587 3289 780 3361 irasci,
830 3308 1128 3369 pugnare,
1160 3285 1476 3358 fabricare,
1524 3283 1807 3355 condere,
1858 3294 2227 3343 construere.
2345 3280 2513 3339 Nam
2560 3300 2683 3340 ser-

249 3411 353 3451 mo
423 3388 626 3450 omnis
698 3386 779 3447 de
851 3385 973 3446 deo
1031 3406 1069 3444 a
1126 3383 1310 3444 rebus
1370 3381 1657 3441 humanis
1715 3401 1828 3460 per
1897 3378 2358 3439 similitudinem
2416 3375 2686 3455 aliquam

247 3488 607 3562 desumitur,
660 3506 786 3547 non
839 3483 1176 3565 perfectam
1228 3481 1498 3562 quidem,
1552 3480 1664 3541 sed
1715 3477 2045 3558 aliqualem
2096 3490 2320 3538 tamen.
2416 3475 2503 3534 Et
2551 3474 2685 3535 haec

247 3588 329 3648 de
378 3586 515 3658 deo,
554 3585 635 3645 de
687 3605 813 3663 quo
864 3583 1080 3662 utique
1131 3603 1210 3643 ex
1260 3578 1689 3660 phaenomenis
1738 3578 2040 3638 disserere
2090 3574 2171 3634 ad
2228 3570 2682 3653 philosophiam

250 3684 593 3749 naturalem
625 3682 909 3763 pertinet.

366 3784 692 3845 Hactenus
723 3780 1135 3860 phaenomena
1164 3776 1455 3839 caelorum
1502 3777 1562 3838 &
1606 3775 1790 3836 maris
1835 3773 2025 3834 nostri
2058 3793 2169 3852 per
2206 3770 2334 3831 vim
2363 3769 2684 3851 gravitatis

1419 3882 1448 3919 2
1486 3880 1523 3919 L
