2852 4250
1113 130 1350 177 LIBER
1381 129 1797 179 SECUNDUS
2545 157 2622 213 34
2635 158 2656 197 1

1093 355 1550 415 LEMMA
1668 356 1831 416 VI.

241 507 466 568 Iisdem
506 504 744 584 posz'tzk,
803 512 1056 583 corpora
1098 503 1403 582 praedicta
1458 504 1777 583 aequalz'ter
1843 513 2151 585 urgentur
2202 508 2278 566 ab
2333 529 2494 587 aqua
2549 519 2673 589 per

1195 615 1467 674 canalem
1474 613 1728 693 fluente.

358 785 538 844 Patet
587 804 701 862 per
748 780 977 842 lemma
1025 800 1067 840 v
1113 779 1173 840 &
1221 792 1425 840 motus
1472 778 1677 862 legem
1729 783 1987 844 tertiam.
2109 783 2300 864 Aqua
2350 786 2563 865 utique
2611 786 2670 846 ἃ

244 884 502 961 corpora
530 902 599 941 se
630 892 846 940 mutuo
876 875 1198 958 aequaliter
1226 890 1435 958 agunt.

1064 1170 1522 1230 LEMMA
1642 1172 1872 1234 VII.

243 1341 300 1401 S
297 1341 326 1401 τ’
348 1362 510 1421 aqua
536 1339 798 1420 quiescat
824 1338 892 1399 z'n
922 1339 1141 1412 canali,
1180 1340 1261 1403 <⁶5³
1287 1338 1408 1398 haec
1450 1347 1704 1418 corpora
1746 1341 1814 1399 z'n
1829 1348 2047 1418 partes
2081 1342 2426 1402 contrarias
2453 1344 2681 1422 aequalz'

323 1454 626 1514 velocitate
656 1460 781 1532 per
826 1452 1096 1511 canalem
1130 1449 1446 1527 ferantur
1463 1476 1480 1510 :
1544 1451 1797 1529 aeqzcales
1845 1459 2030 1510 erunt
2077 1473 2283 1511 eorum
2330 1453 2676 1512 resz'stentiae

319 1565 492 1624 inter
515 1586 586 1624 se.

357 1714 621 1775 Constat
650 1735 729 1774 ex
758 1711 1050 1774 lemmate
1081 1713 1416 1792 superiore,
1451 1734 1595 1772 nam
1641 1724 1845 1773 motus
1891 1710 2129 1772 relativi
2176 1712 2362 1773 iidem
2408 1714 2566 1773 inter
2607 1736 2675 1773 se

243 1825 511 1872 manent.

1296 1894 1625 1956 Scholz'um.

358 2046 602 2107 Eadem
648 2059 744 2107 est
787 2046 943 2107 ratio
987 2067 1316 2125 corporum
1362 2046 1638 2106 omnium
1684 2066 2103 2106 convexorum
2150 2045 2209 2104 δε
2254 2046 2671 2117 rotundorum,

240 2166 503 2225 quorum
527 2166 676 2205 axes
700 2166 839 2205 cum
864 2166 981 2205 axe
1006 2142 1236 2204 canalis
1263 2144 1629 2205 coincidunt.
1725 2143 2092 2202 Differentia
2115 2142 2319 2222 aliqua
2342 2165 2419 2203 ex
2444 2145 2675 2224 majore

237 2241 339 2302 vel
388 2243 625 2303 minore
672 2242 953 2303 frictione
998 2243 1140 2302 oriri
1188 2254 1429 2321 potest;
1476 2241 1588 2300 sed
1636 2241 1695 2299 in
1743 2241 1837 2299 his
1883 2238 2188 2299 lemmatis
2236 2262 2492 2318 corpora
2536 2263 2674 2301 esse

239 2338 607 2419 politissima
664 2341 1089 2419 supponimuS,
1154 2339 1213 2399 &
1273 2339 1461 2398 medii
1521 2338 1915 2398 tenacitatem
1990 2337 2049 2396 ἃ
2120 2337 2463 2398 frictionem
2536 2361 2674 2399 esse

236 2437 481 2509 nullam,
518 2438 576 2498 &
607 2438 777 2517 quod
810 2451 1017 2517 partes
1050 2437 1238 2510 fluidi,
1277 2458 1420 2515 quae
1472 2436 1743 2496 motibus
1776 2436 1901 2494 suis
1937 2434 2210 2514 obliquis
2257 2435 2315 2494 Sc
2350 2436 2674 2514 superfluis

237 2535 471 2594 fluxum
509 2557 688 2614 aquae
718 2557 831 2614 per
859 2533 1135 2595 canalem
1181 2535 1556 2614 perturbare,
1592 2534 1890 2612 impedire
1937 2533 1995 2592 &
2042 2534 2351 2593 retardare
2396 2547 2670 2612 possunt,

238 2633 558 2712 quiescant
589 2634 748 2693 inter
777 2654 845 2693 se
875 2646 1171 2712 tanquam
1202 2630 1346 2713 gelu
1379 2633 1742 2701 constrictae,
1778 2631 1837 2691 &
1882 2632 2239 2709 corporibus
2284 2633 2363 2691 ad
2397 2633 2669 2711 ipsorum

237 2744 444 2810 partes
475 2731 709 2795 anticas
742 2731 801 2791 δε
832 2731 1102 2811 posticas
1134 2731 1511 2801 adhaereant,
1545 2730 1804 2808 perinde
1849 2742 1917 2788 ut
1949 2730 2008 2788 in
2042 2729 2274 2791 scholio
2305 2731 2669 2809 propositio-

238 2829 332 2888 nis
362 2829 771 2908 praecedentis
809 2830 1086 2908 exposui.
1210 2829 1445 2910 Agitur
1487 2829 1653 2888 enim
1687 2829 1746 2887 in
1779 2829 2184 2906 sequentibus
2215 2829 2295 2888 de
2326 2830 2673 2889 resistentia

237 2927 512 2986 omnium
557 2926 812 2986 minima
856 2948 1043 3006 quarn
1089 2949 1348 3006 corpora
1396 2926 1678 3000 rotunda,
1734 2925 1894 2986 datis
1954 2927 2239 2986 maximis
2298 2928 2670 2988 sectionibus

238 3025 606 3084 transversis
636 3024 963 3103 descripta,
998 3024 1227 3085 habere
1258 3038 1533 3104 possunt.

351 3122 630 3202 Corpora
688 3122 892 3182 fluidis
953 3123 1312 3195 innatantia,
1367 3122 1472 3181 ubi
1525 3134 1857 3181 moventur
1914 3122 1975 3181 in
2028 3122 2344 3193 directum,
2400 3122 2670 3181 efficiunt

234 3232 304 3279 ut
347 3219 603 3279 fluidum
648 3220 728 3279 ad
773 3233 1013 3299 partem
1059 3220 1326 3279 anticam
1372 3219 1684 3290 ascendat,
1717 3219 1797 3277 ad
1843 3220 2142 3298 posticam
2188 3220 2479 3290 subsidat,
2513 3240 2667 3297 prae-

235 3317 447 3377 sertim
498 3317 550 3376 si
602 3316 801 3397 figura
850 3317 975 3376 sint
1025 3317 1282 3389 obtusa;
1352 3316 1411 3376 &
1465 3316 1609 3375 inde
1668 3316 2080 3375 resistentiam
2139 3314 2323 3394 paulo
2374 3317 2666 3395 majorem

235 3415 509 3474 sentiunt
552 3436 739 3494 quam
783 3415 835 3474 si
880 3415 1082 3494 capite
1127 3414 1187 3474 &
1231 3414 1428 3474 cauda
1471 3414 1595 3473 sint
1638 3414 1847 3473 acutis,
1969 3413 2057 3472 Et
2087 3434 2344 3491 corpora
2374 3414 2433 3472 in
2466 3414 2667 3472 fluidis

236 3510 500 3573 elasticis
559 3526 742 3584 mota,
797 3513 848 3572 si
908 3525 1052 3572 ante
1112 3510 1172 3570 Sc
1230 3523 1374 3589 post
1430 3511 1652 3570 obtusa
1710 3511 1850 3583 sint,
1913 3510 2168 3568 fluidum
2227 3509 2411 3588 paulo
2469 3510 2664 3589 magis

234 3608 619 3669 condensant
649 3610 728 3669 ad
759 3610 1026 3669 anticam
1072 3621 1311 3688 partem
1357 3607 1417 3667 &
1447 3607 1632 3686 paulo
1663 3608 1863 3686 magis
1908 3606 2186 3667 relaxant
2215 3607 2294 3665 ad
2325 3604 2623 3684 posticam
2649 3630 2662 3679 ;

154 3781 159 3784 ²
237 3703 298 3765 &
332 3706 477 3767 inde
507 3708 919 3768 resistentiam
950 3705 1136 3786 paulo
1180 3706 1478 3786 majorem
1522 3705 1798 3765 sentiunt
1840 3725 2025 3783 quam
2055 3704 2106 3763 si
2138 3704 2335 3781 capite
2367 3702 2426 3761 8ε
2469 3703 2665 3762 cauda

236 3801 360 3862 sint
388 3804 598 3864 acutiS.
722 3804 851 3864 Sed
899 3825 1011 3864 nos
1057 3804 1117 3863 in
1150 3803 1245 3863 his
1275 3802 1581 3863 lemmatis
1628 3802 1687 3861 &
1717 3800 2238 3880 propositionibus
2270 3819 2390 3859 non
2423 3799 2662 3879 agimus
