2852 4250
188 151 312 211 442
982 133 1101 183 DE
1133 134 1424 188 MUNDJ
1448 137 1812 193 SYSTEMA
1819 141 1920 193 TE

454 345 1104 410 PROPOSITIO
1184 346 1494 414 XXXI.
1591 349 2174 417 PROBLEMA
2254 355 2446 424 XII.

422 492 726 555 Invenire
751 500 990 555 motum
1024 490 1360 554 horarium
1391 492 1701 558 nodorum
1731 495 1904 559 lunae
1929 497 2000 560 in
2028 499 2173 563 orbe
2196 501 2480 585 ellz'ptz'cc).

307 636 625 720 Designet
672 636 730 712 Q
741 644 796 717 p
819 658 1008 718 maq
1052 633 1319 717 ellipsin,
1362 657 1486 701 axe
1530 639 1772 724 majore
1820 641 1880 719 Q
1902 665 1961 726 q,
1994 644 2240 710 minore
2284 649 2381 712 ab
2423 649 2703 736 descrip-

186 749 332 810 tam,
370 736 429 813 Q
454 737 524 798 A
550 759 591 819 q
611 737 679 798 B
708 734 1011 798 circulum
1054 736 1621 820 circumscriptum,
1661 741 1983 807 Tterram
2015 745 2080 808 in
2110 748 2443 833 utriusque
2486 766 2708 819 centro

185 837 521 911 communi,
555 837 615 898 S
660 834 881 911 solem,
913 843 969 918 p
1014 834 1232 899 lunam
1286 839 1350 900 in
1400 838 1606 922 ellipsi
1652 855 1910 919 motam,
1946 844 2009 908 8:
2044 855 2101 930 p
2132 870 2198 911 m
2248 871 2466 914 arcum
2511 875 2705 937 quem

181 935 334 999 data
380 937 685 1020 temporis
734 935 1045 1020 particula
1076 960 1272 1021 quam
1323 940 1587 1004 minima
1618 942 1936 1021 describit,
1970 947 2058 1010 N
2087 947 2150 1011 81
2194 972 2240 1012 n
2286 952 2493 1016 nodos
2538 953 2706 1019 linea

153 3746 216 3808 in
247 3748 321 3809 D
351 3746 414 3811 81
456 3748 515 3812 d.
613 3750 705 3813 Et
748 3751 801 3814 si
854 3750 1020 3827 luna,
1055 3754 1233 3817 radio
1265 3756 1349 3818 ad
1380 3770 1612 3821 terram
1645 3761 1855 3838 ducto,
1889 3786 2105 3828 aream
2146 3767 2467 3832 describat
2511 3782 2670 3834 tem-

150 3847 289 3929 pori
350 3850 908 3932 proportionalem,
972 3855 1092 3918 erit
1152 3870 1364 3922 motus
1426 3859 1714 3925 horarius
1777 3865 1928 3928 nodi
1999 3867 2061 3929 in
2123 3866 2328 3952 ellipsi
2390 3883 2462 3934 ut
2518 3894 2668 3935 area

2583 2537 2587 2540 .

154 3544 303 3606 Nn
334 3543 611 3627 junctOS,
642 3554 699 3628 p
721 3547 884 3611 K&
915 3547 979 3612 m
1000 3549 1044 3611 k
1073 3553 1528 3635 perpendicula
1580 3557 1644 3620 in
1697 3581 1887 3623 axem
1936 3562 1996 3640 Q
2018 3585 2061 3646 q
2089 3563 2371 3628 demissa
2422 3566 2486 3630 &
2529 3568 2677 3634 hinc
2838 3033 2852 3567 i

153 3645 306 3708 inde
338 3646 667 3728 producta,
701 3648 908 3712 donec
953 3668 1286 3717 occurrant
1317 3656 1550 3721 circulo
1582 3659 1645 3721 in
1691 3662 1759 3723 P
1789 3662 1852 3726 &
1894 3665 1998 3740 Μ,
2034 3664 2097 3727 8(
2126 3664 2312 3730 lineae
2359 3669 2673 3734 nodorum
2850 3663 2852 3711 ³

136 3956 189 4027 p
209 3949 282 4009 D
302 3949 353 4010 d
365 3972 429 4012 m
461 3950 523 4014 &
553 3952 624 4014 A
650 3953 716 4014 Z
728 3977 769 4036 q
799 3954 1200 4040 conjunctim.
