2852 4250
1095 145 1102 149 .
1126 104 1364 155 LIBER
1401 105 1737 171 OERTJUS.
1877 145 1887 154 ,
1921 59 1940 118 Ῐ
2516 63 2635 186 Ῐ395

851 377 2009 513 PROPOSJTJONES.

629 718 1254 780 PROPOSITIO
1342 720 1394 781 Ι.
1514 719 2109 780 THEOREMA
2185 722 2238 782 Ι.

63 896 79 970 ζ
125 911 133 917 “
235 901 300 963 V
290 901 423 973 ires·‚
466 898 685 980 quibus
714 898 989 978 planeta·
1026 896 1502 975 circumjoviales
1529 905 1823 976 perpetuo
1864 870 2278 957 retrahuntur
2314 920 2355 957 a
2397 899 2651 960 motibus

302 1010 628 1073 rectilineis
680 1011 761 1074 ἀπ’
816 1008 887 1068 in
943 1008 1185 1068 orbibus
1232 1009 1362 1069 suis
1417 1009 1778 1083 retinentur,
1833 1010 2114 1089 respicere
2159 1019 2433 1071 centrum
2479 1013 2650 1091 jovis

307 1125 390 1190 ὣ*
450 1145 567 1185 esse
620 1121 912 1201 reciproce
970 1127 1047 1180 ut
1113 1121 1426 1201 quadrata
1481 1121 1926 1181 distantiarum
1997 1122 2261 1181 locorum
2317 1123 2390 1182 ab
2462 1123 2652 1183 eodem

303 1241 520 1295 centro.

338 1399 520 1459 Patet
563 1418 708 1478 pars
748 1396 915 1477 prior
959 1396 1399 1476 propositionis
1443 1417 1555 1475 per
1596 1396 2052 1475 phaenomenon
2097 1396 2362 1475 primum
2408 1396 2468 1456 &
2514 1418 2652 1476 pro-

32 1487 63 1526 ’Ψ
121 1571 126 1577 ,
221 1497 594 1579 positionem
637 1494 976 1556 secundam
1020 1492 1121 1554 vel
1170 1494 1416 1553 tertiam
1460 1492 1596 1552 libri
1642 1493 1860 1572 primi:
1907 1492 1967 1552 &
2013 1514 2155 1571 pars
2202 1493 2505 1571 posterior
2548 1515 2658 1572 per

222 1595 680 1677 phaenomenon
740 1591 1009 1672 primum
1064 1591 1125 1651 &
1182 1589 1570 1652 corollarium
1621 1603 1868 1651 sextum
1918 1589 2357 1668 propositionis
2423 1602 2656 1668 quartae

224 1693 506 1776 ejusdem
535 1690 688 1752 libri.

342 1791 522 1851 Idem
567 1787 843 1870 intellige
887 1787 968 1848 de
1014 1784 1280 1867 planetis
1332 1786 1438 1866 qui
1486 1797 1807 1845 saturnum
1854 1784 2239 1855 comitantur,
2271 1804 2383 1862 per
2411 1782 2659 1862 phaeno-

227 1909 455 1950 menon
485 1886 843 1948 secundum.
1672 1882 1678 1891 “

501 2095 504 2098 ’
597 2101 1224 2165 PROPOSITIO
1303 2102 1403 2162 ΙΙ.
1527 2096 2122 2160 THEOREMA
2203 2097 2299 2156 ΙΙ.

245 2271 433 2343 Vires,
463 2270 682 2351 quibus
694 2270 968 2349 planetoe
978 2267 1295 2348 primarii
1318 2273 1612 2347 perpetuo
1642 2263 2057 2323 retrahuntur
2081 2283 2120 2320 a
2149 2260 2403 2320 motibus
2440 2259 2660 2318 rectili-

312 2384 440 2445 neis
480 2384 562 2448 ὣ*
590 2383 658 2442 in
686 2382 928 2443 orbibus
954 2381 1083 2441 suis
1113 2380 1471 2448 retinentur,
1506 2377 1787 2456 respicere
1811 2376 1987 2435 solem
2031 2376 2111 2438 <⁶9³
2139 2395 2250 2434 esse
2278 2373 2564 2451 reciproce
2592 2379 2665 2431 ut

313 2495 623 2578 quadrata
649 2495 1098 2556 distantiarum
1125 2493 1200 2552 ab
1230 2491 1423 2571 ipsius
1450 2497 1665 2549 centro.

349 2660 530 2722 Patet
556 2681 701 2740 pars
730 2659 899 2740 prior
926 2657 1368 2738 propositionis
1398 2676 1511 2735 per
1553 2653 2010 2733 phaenomenon
2043 2647 2324 2727 quintum
2356 2645 2415 2705 &
2444 2666 2664 2724 propo-

233 2758 521 2820 sitionem
571 2757 914 2838 secundam¹
959 2755 1096 2816 libri
1148 2754 1360 2835 primi:
1414 2752 1474 2813 &
1519 2772 1659 2831 pars
1710 2747 2014 2828 posterior
2054 2767 2166 2825 per
2215 2744 2666 2823 phaenomenon

235 2868 523 2937 quartum
576 2855 636 2916 &
693 2854 1181 2935 propositionem
1240 2863 1523 2931 quartam
1568 2847 1853 2928 ejusdem
1905 2842 2056 2903 libri.
2190 2839 2668 2901 Accuratissime

236 2967 445 3015 autem
475 2954 935 3014 demonstratur
963 2951 1098 3010 haec
1128 2970 1271 3029 pars
1316 2945 1753 3027 propositionis
1799 2963 1910 3022 per
1953 2941 2224 3020 quietem
2268 2936 2662 3017 apheliorum.

355 3051 525 3111 Nam
583 3050 892 3112 aberratio
951 3069 1141 3128 quam
1186 3046 1442 3105 minima
1484 3065 1521 3103 a
1565 3042 1802 3102 ratione
1860 3037 2171 3118 duplicata
2228 3036 2361 3116 (per
2406 3032 2582 3094 corol.
2638 3052 2659 3090 1

239 3170 410 3229 prop.
444 3169 570 3210 XLV
598 3147 700 3209 lib.
738 3149 791 3228 1)
829 3160 1068 3207 motum
1099 3145 1386 3225 apsidum
1420 3143 1481 3202 in
1512 3139 1772 3222 singulis
1804 3135 2287 3198 revolutionibus
2318 3129 2665 3203 notabilem,

243 3246 305 3306 in
335 3244 618 3326 pluribus
647 3265 985 3315 enormem,
1018 3243 1263 3304 efficere
1294 3240 1565 3301 deberet.
