2852 4250
184 152 214 192 2
233 150 309 193 10
1005 129 1124 179 DE
1155 129 1393 181 MOTU
1425 128 1871 181 CORPORUM

1262 296 1601 358 Scholium.

298 423 652 512 Explicatis
725 427 1204 491 attractionibus
1278 446 1614 508 corporum
1689 422 2158 505 sphaericorum,
2209 424 2350 509 jam
2420 447 2696 510 pergere

177 530 396 595 liceret
469 531 572 594 ad.
626 529 803 614 leges
877 528 1322 591 attractionum
1397 524 1663 588 aliorum
1739 523 2142 606 quorundam
2215 546 2298 587 ex
2366 524 2699 607 particulis

179 634 529 696 attractivis
588 631 875 693 similiter
933 627 1359 691 constantium
1434 643 1805 706 corporum;
1881 623 1997 685 sed
2073 623 2195 685 ista
2267 623 2694 707 particulatim

180 747 453 796 tractare
534 732 743 794 minus
818 729 900 791 ad
978 728 1335 789 institutum
1410 737 1674 807 spectat.
1807 724 2150 808 *Suffecerit
2222 726 2690 807 propositiones

179 835 490 917 quasdam
520 829 948 916 generaliores
980 829 1064 890 de
1094 828 1334 889 viribus
1366 826 1731 909 hujusmodi
1777 847 2130 907 corporum,
2164 826 2375 908 deque
2411 827 2690 889 motibus

182 935 330 997 inde
391 932 690 1004 oriundiS,
755 931 840 993 ob
899 951 1117 992 earum
1180 928 1242 990 in
1319 927 1510 989 rebus
1568 926 2025 1010 philosophicis
2084 926 2423 1011 aliqualem
2484 950 2687 1001 usum,

180 1036 581 1118 subjungere.

1001 1183 1464 1246 SECTIO
1560 1182 1852 1246 XIII.

551 1362 654 1423 De
678 1367 1007 1441 corporum
1039 1379 1161 1419 non
1192 1356 1638 1438 spharicorum
1669 1356 1912 1420 viribus
1939 1358 2312 1442 attractivis.

321 1614 964 1681 PRoPoslTlo
1045 1613 1454 1676 LXXXV.
1581 1597 2202 1676 THEOREMA
2285 1614 2543 1678 XLII.

177 1792 262 1854 Si
283 1790 560 1874 corporis
586 1790 865 1863 attracti,
898 1790 1012 1851 ubi
1034 1788 1391 1850 attrahenti
1413 1787 1774 1872 contiguum
1805 1796 1905 1862 est,
1931 1789 2228 1851 attractio
2259 1788 2702 1872 langefortior

261 1907 362 1981 sit,
396 1990 398 1992 μ
413 1929 605 1990 quam
653 1928 793 1968 cum
839 1905 939 1966 vel
963 1904 1225 1967 minimo
1269 1905 1606 1974 intervallo
1647 1912 2037 1987 separantur
2075 1905 2153 1967 ab
2198 1904 2454 1967 invicem
2475 1931 2494 1968 .·
2538 1904 2701 1967 vires

245 2023 731 2104 particularum
775 2020 1101 2097 trahentis,
1150 2021 1221 2083 in
1275 2043 1506 2083 recessu
1560 2021 1838 2103 corporis
1894 2022 2172 2098 attracti,
2219 2021 2573 2083 decrescunt
2626 2021 2698 2083 in

261 2138 508 2199 ratione
520 2138 872 2218 plusquam
903 2135 1226 2217 duplicata
1257 2136 1719 2199 distantiarum
1748 2159 1788 2198 a
1804 2138 2170 2219 particulis.

294 2308 469 2370 Nam
502 2309 553 2370 si
587 2308 754 2370 vires
787 2307 1164 2369 decrescunt
1200 2306 1262 2368 in
1295 2308 1539 2371 ratione
1585 2307 1907 2391 duplicata
1951 2308 2395 2370 distantiarum
2437 2331 2477 2371 a
2505 2309 2695 2392 parti-

177 2409 366 2484 culis;
415 2409 712 2471 attractio
743 2431 967 2471 versus
1015 2430 1243 2489 corpus
1290 2409 1687 2490 sphaericum,
1722 2422 2062 2492 propterea
2109 2410 2282 2491 quod
2334 2409 2474 2493 (per
2515 2432 2694 2493 prop.

178 2512 400 2594 LXXIV)
438 2512 519 2573 sit
552 2512 870 2592 reciproce
915 2523 989 2571 ut
1032 2510 1372 2591 qudratum
1419 2511 1740 2573 distantiae
1786 2511 2034 2573 attracti
2081 2510 2361 2592 corporis
2406 2532 2445 2572 a
2481 2524 2701 2574 centro

177 2614 463 2695 sphaerae,
498 2613 669 2673 haud
702 2610 1088 2673 sensibiliter
1119 2611 1460 2694 augebitur
1503 2634 1585 2673 eX
1617 2625 1947 2687 contactu;
1995 2626 2188 2695 atque
2234 2612 2443 2675 adhuc
2489 2613 2699 2674 minus

180 2715 516 2798 augebitur
546 2736 626 2775 ex
659 2726 968 2786 contactu,
997 2712 1049 2773 si
1082 2712 1374 2774 attractio
1406 2712 1469 2773 in
1495 2734 1745 2774 recessu
1780 2713 2060 2795 corporis
2093 2714 2340 2775 attracti
2373 2713 2701 2775 decrescat

182 2815 245 2876 in
300 2815 543 2876 ratione
598 2814 858 2876 minore.
987 2813 1172 2874 Patet
1226 2812 1419 2894 igitur
1470 2813 1822 2894 propositio
1859 2814 1953 2876 ‘de
2000 2814 2272 2896 sphaeris
2315 2812 2696 2876 -attractivis

186 2916 277 2977 Et
324 2938 439 2997 par
483 2928 581 2976 est
629 2915 788 2976 ratio
836 2914 1084 2976 orbium
1148 2913 1583 2994 spharicorum
1637 2936 2062 2977 concavorum
2116 2937 2382 2996 corpora
2434 2928 2700 2977 externa

183 3015 586 3077 trahentium.
715 3015 806 3075 Et
836 3013 1036 3076 multo
1068 3014 1272 3097 magis
1319 3036 1420 3076 res
1467 3028 1718 3077 constat
1749 3015 1811 3076 in
1844 3016 2104 3077 orbibus
2141 3038 2407 3098 corpora
2427 3016 2700 3078 interius

183 3117 526 3179 constituta
558 3115 971 3188 trahentibuS,
1005 3137 1152 3175 cum
1198 3114 1608 3178 attractiones
1653 3116 1892 3197 passim
1939 3138 2055 3198 per
2098 3115 2360 3179 orbium*
2392 3118 2701 3180 cavitates

184 3217 267 3278 ab
298 3216 779 3278 attractionibus
826 3215 1154 3277 contrariis
1206 3213 1346 3297 (per
1390 3238 1567 3297 prop.
1606 3216 1765 3300 LXX)
1815 3216 2131 3291 tollantur,
2167 3218 2442 3300 ideoque
2486 3217 2590 3281 vel
2637 3219 2701 3281 in

185 3307 337 3399 ipso
385 3330 679 3379 contactu
752 3315 942 3378 nullae
1015 3328 1179 3378 sunt.
1321 3315 1517 3395 Quod
1591 3317 1645 3379 si
1720 3316 1987 3399 sphaeris
2063 3318 2236 3381 hisce
2311 3319 2701 3401 orbibusque

184 3417 510 3500 sphaericis
569 3431 784 3499 partes
845 3416 1147 3499 quaelibet
1205 3440 1244 3479 a
1302 3417 1444 3480 loco
1497 3432 1826 3481 contactus
1862 3433 2147 3482 'remotae
2200 3420 2581 3494 auferantur,
2638 3413 2703 3483 81

183 3533 397 3601 partes
431 3541 616 3581 novae
648 3519 857 3580 ubivis
888 3519 1206 3580 addantur
1233 3543 1245 3581 2
1293 3520 1520 3581 mutari
1552 3534 1822 3601 possunt
1853 3520 2074 3604 figurae
2106 3522 2333 3584 horum
2365 3545 2701 3605 corporum

183 3620 663 3682 attractivorum
694 3642 811 3701 pro
842 3618 1062 3693 lubitu,
1098 3642 1215 3682 nec
1247 3633 1462 3682 tamen
1508 3635 1722 3702 partes
1767 3622 2007 3685 additae
2038 3622 2140 3686 vel
2173 3624 2522 3699 subductae,
2554 3647 2701 3688 cum

183 3722 312 3783 sint
385 3743 423 3782 a
496 3719 637 3783 loco
711 3734 1039 3783 contactus
1114 3734 1395 3794 remotae,
1472 3722 1801 3805 augebunt
1872 3723 2238 3788 notabiliter
2309 3716 2701 3789 attractionis

185 3842 535 3894 excessum,
598 3820 706 3902 qui
767 3844 849 3884 ex
909 3834 1203 3883 contactu
1265 3822 1477 3885 oritur.
1602 3823 1873 3886 Constat
1923 3826 2145 3908 'igitur
2205 3827 2559 3909 propositio
2617 3826 2726 3889 de*

183 3923 552 4007 corporibus
585 3921 929 4005 figurarum
961 3922 1262 3987 omnium.
1356 3922 1432 3998 Q.
1456 3923 1539 3984 E.
1567 3923 1652 3987 D,
1717 3931 1728 3990 j
1820 3985 1822 3988 ,
2001 3933 2006 3939 ’
2182 3926 2186 3930 ’
2363 3925 2367 3931 ’
2725 3937 2728 3941 ’
