2846 4250
149 103 270 177 506
898 96 1016 144 DE
1048 95 1127 145 M
1129 94 1336 145 UNDJ
1361 95 1407 145 S
1417 93 1720 146 YSTEMA
1730 94 1828 145 TE

142 250 511 313 flectebatur
544 270 583 310 a
618 246 849 310 circulo
884 246 1180 328 maximo.
1297 245 1471 308 Nam
1514 245 1578 308 &
1621 267 1844 309 mense
1872 247 2230 311 Novembri
2252 269 2473 312 cursus
2503 251 2643 335 ejus

141 350 339 412 tribus
369 346 593 411 saltem
640 347 945 431 gradibus
993 346 1075 407 ab
1119 344 1408 427 ecliptica
1452 346 1516 407 in
1565 358 1850 407 austrum
1898 343 2273 421 declinabat,
2308 348 2371 411 &
2417 363 2645 431 postea

141 471 359 512 mense
387 448 715 510 Decembri
736 447 1042 531 gradibus
1092 467 1171 523 29
1212 447 1525 529 vergebat
1570 447 1652 508 ab
1698 445 1988 528 ecliptica
2027 447 2090 509 in
2122 451 2642 530 septentrionem,

140 550 422 632 partibus
495 532 767 617 duabus*
803 547 1042 619 orbitae,
1107 546 1169 607 in
1231 547 1461 628 quibus
1515 560 1766 609 cometa
1824 548 2131 610 tendebat
2191 549 2255 610 in
2314 549 2519 613 solem
2580 551 2644 615 81

139 650 386 711 redibat
429 672 468 711 a
511 647 659 721 sole,
693 646 928 730 angulo
975 660 1326 728 apparente
1372 647 1691 731 graduum
1738 647 1881 730 plus
1929 649 2190 732 triginta
2237 650 2319 711 ab
2369 651 2642 714 invicem

139 748 613 820 declinantibuS,
646 759 717 808 ut
763 746 1133 810 observavit
1175 749 1616 812 Montenarus.
1715 735 2034 833 Pergebat
2082 749 2184 813 hic
2231 764 2482 814 cometa
2530 774 2646 834 per

139 850 321 931 signa
345 869 592 920 novem,
619 869 658 908 a
685 847 922 909 Leonis
946 846 1184 910 scilicet
1207 847 1430 912 ultimo
1447 850 1652 932 gradu
1685 851 1767 912 ad
1793 850 2174 931 principium
2201 851 2644 926 Geminorum,

138 960 368 1029 praeter
410 947 663 1029 signum
714 946 968 1021 LeoniS,
1019 970 1135 1029 per
1179 949 1353 1030 quod
1399 950 1712 1031 pergebat
1762 963 2107 1032 antequam
2151 953 2355 1015 videri
2416 955 2646 1036 coepit;

138 1049 199 1110 ἃ
246 1045 416 1108 nulla
467 1045 587 1108 alia
639 1060 816 1108 extat
868 1047 1129 1134 theoria,
1164 1071 1292 1130 qua
1345 1063 1595 1112 cometa
1646 1063 1891 1113 tantam
1954 1051 2097 1113 coeli
2152 1066 2401 1134 partem
2469 1068 2646 1117 motu

136 1146 403 1232 regulari
435 1160 769 1229 percurrat.
868 1148 1090 1211 Motus
1122 1150 1259 1232 ejus
1291 1150 1410 1211 fu’it
1434 1150 1713 1212 maxime
1747 1151 2162 1233 inaequabiliS.
2261 1154 2435 1216 Nam
2482 1156 2648 1218 circa

134 1250 303 1311 diem
334 1248 716 1331 vigesimum
748 1249 1130 1311 Novembris
1152 1250 1489 1332 descripsit
1517 1252 1756 1334 gradus
1788 1252 2036 1315 circiter
2058 1255 2343 1337 quinque
2376 1255 2646 1340 singulis

133 1351 392 1424 diebus;
440 1350 587 1411 dein
631 1363 805 1412 motu
854 1350 1176 1412 retardato
1223 1350 1386 1412 inter
1430 1351 1729 1414 Novemb.
1785 1357 1864 1414 26
1899 1347 1961 1414 82
1990 1354 2264 1418 Decemb.
2312 1377 2402 1430 12,
2437 1358 2648 1439 spatio

134 1450 369 1513 scilicet
399 1450 644 1511 dierum
676 1450 1039 1531 quindecim
1072 1474 1215 1513 cum
1248 1452 1531 1529 semisse,
1567 1451 1905 1534 descripsit
1946 1455 2186 1537 gradus
2234 1469 2487 1518 tantum
2520 1478 2606 1536 40
2633 1481 2646 1531 ;

135 1565 358 1633 postea
401 1573 556 1613 vero
602 1564 777 1612 motu
829 1552 1055 1613 iterum
1109 1552 1461 1615 accelerato
1509 1552 1847 1635 descripsit
1890 1555 2130 1638 gradus
2182 1556 2316 1619 fere
2364 1558 2649 1640 quinque

135 1651 397 1735 singulis
451 1652 691 1724 diebuS,
740 1666 1085 1734 antequam
1133 1668 1344 1717 motus
1393 1655 1621 1716 iterum
1675 1655 1982 1717 retardari
2029 1658 2239 1739 coepit.
2366 1658 2458 1720 Et
2508 1659 2646 1722 the-

134 1754 282 1826 oria,
339 1775 483 1835 quae
536 1754 735 1815 motui
790 1767 921 1815 tam
978 1755 1340 1838 inaequabili
1394 1778 1511 1837 per
1562 1756 1910 1818 maximam
1964 1756 2107 1819 coeli
2156 1772 2402 1840 partem
2449 1762 2650 1843 probe

134 1854 491 1936 respondet,
526 1876 800 1936 quaeque
832 1857 1090 1919 easdem
1124 1859 1427 1920 observat
1472 1857 1648 1942 leges
1681 1881 1825 1920 cum
1858 1858 2105 1921 theoria
2135 1858 2552 1942 planetarum,
2587 1861 2650 1924 &

132 1977 274 2016 cum
335 1955 638 2016 accuratis
692 1956 1244 2020 observationibus
1305 1960 1747 2022 astronomicis
1807 1972 2099 2022 accurate
2166 1961 2472 2045 congruit,
2523 1983 2651 2024 non

127 2068 344 2137 potest
379 2077 505 2118 non
538 2078 680 2118 esse
712 2079 879 2122 vera.
1735 2050 1743 2058 ”

244 2157 563 2219 Caeterum
610 2159 1033 2242 trajectoriam
1068 2183 1261 2243 quam
1307 2176 1559 2225 cometa
1607 2162 1965 2244 deseri-psit,
2000 2162 2063 2224 &
2111 2162 2382 2225 caudam
2429 2186 2649 2227 veram

2616 2974 2729 3294 [7023

684 2957 721 2972 {a
942 2959 947 2962 —
980 2968 987 2970 Ξ
1172 2962 1180 2966 .

713 2978 719 2986 ;
731 2975 782 3003 {Nq-
1041 2992 1045 2993 ⁷
1056 2995 1062 2998 .
1428 2998 1430 3000 ‚
1443 2998 1445 3001 ι
1809 2982 1816 2989 ι

848 3031 853 3034 .
1126 3023 1155 3035 xx
1342 3019 1345 3023 '
1459 3007 1465 3010 Δ
1895 3012 1901 3015 ”
1932 3022 1943 3026 —
2473 3020 2479 3026 .

947 3048 949 3050 ·
1171 3042 1242 3071 ⁷·*‚·s
1419 3051 1435 3058 ,»
1450 3064 1488 3077 ⁶³„
1595 3060 1676 3079 *lsa*
2291 3056 2294 3057 γ

1287 3088 1295 3092 ,
1367 3114 1377 3119 x
1534 3090 1548 3095 f
1565 3095 1591 3115 Α(
1699 3087 1717 3099 ῑῑ

1022 3124 1025 3126 .
1402 3136 1435 3145 ,χ
1459 3147 1466 3151 k

1117 3163 1127 3177 s
1408 3150 1441 3164 χχ
1455 3152 1513 3185 Ξζ

1260 3239 1302 3267 x'x

128 3628 319 3688 quam
350 3609 614 3692 singulis
647 3611 709 3672 in
747 3610 901 3674 locis
947 3613 1229 3696 projecit,
1263 3613 1471 3674 visum
1519 3626 1619 3675 est
1662 3634 1918 3678 annexo
1963 3613 2291 3676 schemate
2338 3613 2400 3675 in
2446 3609 2640 3694 plano

126 3710 499 3792 trajectoriae
559 3712 911 3776 delineatas
973 3715 1322 3777 exhibere:
1399 3715 1507 3778 ubi
1566 3716 1637 3777 A
1666 3717 1734 3778 B
1764 3717 1823 3778 C
1874 3715 2141 3778 denotat
2214 3713 2639 3797 trajectoriam

126 3824 407 3885 cometae,
457 3814 529 3873 D
586 3813 802 3888 solem,
865 3816 1029 3877 DE
1096 3817 1473 3899 trajectoriae
1533 3838 1739 3890 axem,
1799 3817 1958 3878 DF
2006 3815 2240 3879 lineam
2302 3814 2638 3885 nodorum,
