2852 4250
201 71 324 155 338
1022 74 1140 126 DE
1172 74 1411 128 Mores
1442 72 1748 127 CORPOR
1762 73 1885 126 ΗΜ
2675 0 2818 142 Ἰ

194 238 610 324 longitudinis
655 263 789 305 suae
833 242 1148 317 describit,
1196 241 1301 305 vel
1359 240 1651 325 generari
1710 238 1915 322 possit
1956 237 2062 302 vel
2107 236 2258 313 tolli,
2304 252 2377 304 ut
2419 240 2704 307 densitas
2774 217 2816 281 ⁷³5

196 340 391 404 medii
421 342 504 404 ad
536 342 918 406 densitatem
949 341 1215 426 cylindri
1247 341 1750 424 quamproxime.
1846 340 1922 416 Q.
1943 340 2027 402 E.
2049 340 2137 402 D.

316 441 619 506 Fluidum
677 457 893 506 autem
953 442 1284 524 comprimi
1343 442 1539 503 debet
1597 453 1669 502 ut
1727 440 1812 502 sit
1869 440 2268 516 continuum3
2330 442 2703 504 continuum

196 566 353 608 vero
384 568 526 608 esse
551 547 751 609 'debet
782 546 844 608 8ε
875 567 1002 608 non
1034 544 1362 607 elasticum
1408 556 1479 604 ut
1524 542 1768 624 pressio
1812 542 2035 616 omniS,
2070 564 2216 624 quae
2251 543 2334 604 ab
2365 544 2501 627 ejus
2533 567 2702 607 com-

195 646 525 726 pressione
569 647 781 719 oritur,
828 657 1219 726 propagetur
1262 644 1325 704 in
1373 641 1650 715 instanti,
1707 641 1770 703 &
1815 641 1877 702 in
1924 664 2147 704 omnes
2207 643 2363 705 moti
2423 645 2708 725 corporis

195 758 410 826 partes
441 743 772 827 aequaliter
798 744 1053 826 agendo
1085 742 1508 805 resistentiam
1541 763 1669 803 non
1702 754 1921 804 mutet.
2006 742 2260 805 Pressio
2289 741 2706 825 utique,·quae

195 867 234 907 a
258 859 432 908 motu
458 846 736 926 corporis
760 845 971 917 oritur,
999 843 1389 925 impenditur
1412 843 1474 904 in
1501 855 1744 904 motum
1769 843 2043 924 partium
2069 843 2243 905 fluidi
2265 845 2705 926 generandum

199 944 261 1006 8ε
313 946 736 1007 resistentiam
790 956 976 1006 creat.
1107 943 1358 1004 Pressio
1410 955 1626 1003 autem
1681 963 1826 1023 quae
1878 943 2078 1005 oritur
2134 954 2175 1004 a'
2232 945 2707 1025 compressione

195 1045 387 1119 fluidi,
421 1060 743 1128 utcunque
788 1045 968 1107 sortis
1013 1044 1111 1118 sit,
1155 1045 1208 1105 si
1254 1055 1646 1127 propagetur
1698 1043 1762 1104 in
1816 1044 2091 1117 instanti,
2147 1043 2387 1107 nullum
2438 1061 2707 1130 generat

194 1160 437 1209 motum
513 1149 575 1209 in
636 1148 922 1230 partibus
982 1146 1158 1207 fluidi
1219 1146 1516 1219 continui,
1573 1143 1811 1206 nullam
1871 1147 2133 1209 omnino
2193 1147 2435 1210 inducit
2492 1163 2705 1212 motus

194 1249 646 1324 mutationem;
723 1248 998 1330 ideoque
1059 1247 1484 1309 resistentiam
1527 1268 1664 1327 nec
1723 1259 1920 1329 auget
1978 1268 2098 1309 nec
2159 1248 2399 1313 minuit.
2512 1250 2706 1314 Certe

191 1349 357 1411 actio
417 1349 609 1423 fluidi,
672 1372 817 1432 quae
878 1350 960 1411 ab
1021 1350 1158 1433 ejus
1218 1350 1694 1430 compressione
1769 1350 1983 1424 oritur,
2059 1350 2283 1414 fortior
2356 1375 2500 1416 esse
2574 1377 2703 1418 non

191 1466 405 1534 potest
450 1454 512 1515 in
559 1466 772 1535 partes
817 1453 1094 1534 posticas
1141 1452 1421 1533 corporis
1468 1452 1623 1514 moti
1671 1474 1864 1533 quam
1911 1453 1974 1513 in
2021 1454 2158 1536 ejus
2199 1467 2413 1535 partes
2444 1457 2703 1532 anticas,

192 1553 467 1635 ideoque
528 1554 951 1615 resistentiam
1005 1552 1066 1613 in
1123 1552 1242 1613 hac
1294 1552 1731 1634 propositione
1784 1551 2170 1634 descriptam
2222 1555 2509 1618 minuere
2576 1578 2704 1620 non

191 1671 445 1740 potest:
516 1658 578 1720 ἃ
629 1658 853 1720 fortior
903 1679 1029 1720 non
1084 1657 1203 1718 erit
1256 1657 1317 1717 in
1372 1670 1586 1738 partes
1640 1657 1880 1719 anticas
1935 1680 2127 1739 quam
2178 1658 2241 1720 in
2302 1661 2595 1741 posticaS‚
2651 1663 2704 1725 si

194 1759 389 1821 modo
447 1759 823 1842 propagatio
883 1759 1019 1841 ejus
1080 1757 1323 1819 infinite
1383 1756 1664 1820 velocior
1721 1757 1804 1819 sit
1869 1780 2062 1840 quam
2139 1773 2349 1822 motus
2424 1764 2705 1844 corporis

194 1860 413 1941 pressi.
542 1859 797 1920 Infinite
845 1871 1059 1919 autem
1108 1856 1390 1920 velocior
1437 1858 1556 1920 erit
1603 1857 1665 1919 ἆ
1713 1860 2177 1943 propagabitur
2223 1862 2286 1923 in
2335 1862 2609 1939 instanti,
2649 1865 2702 1927 si

197 1961 393 2023 modo
438 1960 703 2022 fluidum
736 1961 818 2021 sit
853 1961 1224 2021 continuum
1259 1958 1320 2020 ἃ
1352 1980 1479 2021 non
1513 1956 1859 2022 elasticum.

315 2062 516 2122 Corol.
600 2082 646 2122 1.
702 2059 1166 2142 Cylindrorum,
1202 2060 1310 2141 qui
1342 2058 1693 2121 secundum
1725 2057 2157 2144 longitudines
2202 2086 2350 2126 suas
2383 2065 2445 2126 in
2478 2066 2705 2129 mediis

191 2162 505 2224 continuis
538 2160 797 2223 infinitis
828 2162 1224 2223 uniformiter
1252 2160 1764 2243 progrediuntur,
1789 2163 2164 2225 resistentiae
2189 2177 2339 2225 sunt
2369 2164 2431 2226 in
2463 2166 2707 2228 ratione

193 2283 338 2343 quae
370 2261 771 2342 componitur
801 2283 882 2323 ex
913 2260 1235 2342 duplicata
1281 2262 1526 2323 ratione
1571 2258 1984 2324 velocitatum
2018 2262 2079 2324 81,
2110 2262 2431 2345 duplicata
2460 2265 2706 2328 ratione

192 2361 645 2423 diametrorum
680 2361 741 2423 Sc
773 2362 1016 2424 ratione
1047 2363 1380 2425 densitatis
1413 2361 1785 2424 mediorum.

316 2463 518 2524 Corol.
572 2483 625 2524 2.
678 2462 748 2524 Si
810 2461 1165 2544 amplitudo
1232 2460 1468 2524 canalis
1544 2484 1672 2524 non
1832 2493 1880 2536 K

195 2575 503 2645 augeatur
549 2563 610 2623 in
675 2563 1004 2637 infinitum,
1054 2564 1169 2625 sed
1232 2563 1553 2645 cylindrus
1608 2564 1671 2624 in

195 2664 408 2726 medio
496 2665 863 2746 quiescente
971 2663 1212 2727 incluso
1318 2665 1672 2726 secundum

193 2762 654 2846 longitudinem
676 2787 855 2826 suam
876 2766 1334 2848 progrediatur,
1350 2765 1674 2828 &interea

194 2862 331 2923 axis
391 2864 527 2945 ejus
587 2886 731 2925 cum
802 2886 923 2926 axe
997 2863 1233 2926 canalis
1309 2865 1670 2927 coincidat:

195 2964 553 3025 resistentia
584 2966 718 3047 ejus
751 2966 870 3026 erit
899 2966 981 3026 ad
1013 2966 1144 3027 vim
1171 2988 1298 3047 qua
1329 2979 1500 3028 totus
1534 2967 1670 3049 ejus
1740 2980 1872 3036 ΜΟ

194 3075 420 3136 motUS‚
455 3086 583 3145 quo
613 3077 901 3146 tempore
931 3066 1357 3147 quadruplum
1394 3065 1667 3150 longitu-

194 3163 359 3225 dinis
391 3186 523 3227 suae
556 3165 870 3238 describit,
897 3165 999 3227 vel
1023 3169 1314 3249 generari
1339 3169 1542 3249 possit
1565 3167 1668 3230 vel

192 3260 343 3335 tolli,
372 3263 434 3323 in
460 3263 703 3325 ratione
728 3286 871 3345 quae
897 3268 1298 3346 componitur
1320 3290 1400 3329 ex
1426 3269 1669 3331 ratione

190 3362 376 3443 EFq
420 3362 502 3423 ad
546 3363 1042 3446 EFq—{PQq
1081 3365 1294 3439 semel,
1331 3367 1391 3454 &
1424 3369 1669 3431 ratione

191 3463 377 3544 EFq
409 3462 492 3523 ad
523 3463 975 3545 EFq—PQq
1003 3465 1116 3539 bis,
1146 3466 1206 3527 &
1237 3467 1481 3530 ratione
1512 3469 1665 3531 den-

189 3561 394 3624 sitatis
426 3562 621 3623 medii
653 3562 735 3623 ad
768 3562 1149 3625 densitatem
1182 3564 1460 3646 cylindri.

311 3662 513 3725 Corol.
570 3683 623 3742 3.
680 3663 919 3724 Iisdem
951 3664 1190 3744 positiS‚
1226 3665 1287 3726 &
1319 3668 1493 3747 quod
1537 3667 1877 3753 longitudo
1927 3670 1981 3730 L
2028 3671 2111 3732 sit
2154 3671 2236 3733 ad
2269 3669 2695 3753 quadruplum

187 3760 604 3846 longitudinis
652 3760 918 3844 cylindri
967 3764 1029 3824 in
1077 3765 1320 3827 ratione
1366 3788 1511 3847 quae
1557 3771 1960 3851 componitur
2003 3794 2084 3835 ex
2115 3773 2358 3835 ratione
2388 3774 2458 3835 E
2472 3774 2545 3834 F
2555 3795 2595 3854 q
2624 3809 2686 3819 —

2749 1496 2759 1505 ο
2775 1475 2785 1481 .
2822 1495 2826 1498 ⁴

2826 2142 2829 2154 Ι

2824 2159 2829 2187 i

2820 2193 2831 2252 ἲ

2841 1347 2852 1402 2

2844 1422 2852 1491 1

2844 1499 2852 1842 ξ

2847 1846 2852 2113 ἒ

2849 2118 2852 2246 Ξ
