2846 4250
1148 96 1387 148 LIBER
1426 94 1763 147 TERTIUS.
2543 87 2547 89 “
2550 116 2633 175 49
2639 113 2671 174 5
2768 113 2775 119 ·

226 274 473 326 cometa
517 261 581 322 in
626 258 779 322 orbe
819 259 1089 340 proprio
1122 259 1284 320 inter
1310 259 1815 322 observationem
1858 259 2123 339 primam
2166 281 2239 321 ac
2281 262 2526 323 tertiam
2569 262 2685 325 de-.

139 428 141 430 ,
223 361 497 423 scribere
524 358 731 430 debet,
763 356 1031 437 ideoque
1075 356 1192 435 ipsi
1220 357 1410 417 MN
1446 355 1703 438 aequalis
1746 356 1946 432 fuerit,
1978 358 2033 418 si
2073 358 2263 419 modo
2290 359 2356 418 B
2383 359 2464 420 sit
2491 381 2678 421 verus

227 469 491 519 cometae
519 451 690 516 locus
722 455 783 514 in
813 452 1002 533 plano
1031 453 1346 535 eclipticae.

205 546 213 553 ’
342 554 658 616 Caeterum
703 565 935 632 puncta
981 554 1060 624 B,
1086 554 1134 624 b,
1159 554 1206 624 β
1249 548 1374 614 non
1422 550 1732 633 quaelibet,
1763 552 1877 614 sed
1926 574 2080 614 vero
2112 541 2407 632 'proxima
2451 552 2680 635 eligere

229 653 538 716 convenit.
616 651 686 712 Si
717 650 982 734 angulus
1010 653 1080 712 A
1112 652 1169 727 Q
1194 660 1234 724 t,
1261 652 1323 712 in
1354 673 1480 732 quo
1509 651 1845 733 vestigium
1875 652 2042 713 orbis
2074 652 2135 712 in
2164 650 2353 732 plano
2383 652 2680 733 eclipticae

230 751 611 830 descriptum
641 761 812 810 secat
841 760 1072 809 rectam
1103 751 1228 822 tB‚
1261 763 1744 830 praeterpropter
1787 751 2169 823 innotescat3
2217 735 2279 810 in
2319 750 2548 832 angulo
2580 750 2682 812 illo

124 934 130 938 ¹
230 848 518 910 ducenda
567 847 684 908 erit
735 849 904 907 recta
954 846 1195 907 occulta
1238 849 1307 907 A
1342 848 1407 920 C,
1462 869 1604 927 quae
1657 848 1738 907 sit
1787 848 1867 907 ad
1917 848 1953 913 ἓν
1987 850 2049 908 T
2060 873 2099 905 τ
2143 849 2204 908 in
2251 848 2683 929 subduplicata

229 939 473 1008 *ratione
524 946 581 1006 S
597 945 654 1020 Q
707 944 789 1005 ad
842 944 899 1005 S
917 951 956 1005 t.
1075 945 1163 1006 Et
1219 946 1467 1027 agendo
1520 957 1752 1005 rectam
1813 947 1869 1006 S
1884 947 1954 1006 E
1969 947 2048 1018 B,
2105 948 2277 1028 cujus
2328 969 2472 1027 pars
2529 949 2599 1007 E
2616 949 2683 1008 B

230 1056 512 1125 aequetur
539 1042 913 1125 longitudini
960 1043 1077 1115 Vt,
1110 1043 1626 1104 determinabitur
1667 1056 1967 1123 punctum
1995 1046 2061 1104 B
2103 1045 2275 1125 quod
2318 1046 2518 1125 prima
2546 1047 2684 1108 vice

233 1166 533 1224 usurpare
583 1141 740 1203 licet.
835 1142 1004 1202 Tum
1049 1155 1217 1203 recta
1258 1143 1326 1202 A
1362 1143 1419 1203 C
1459 1140 1666 1202 deleta
1714 1141 1775 1202 8c
1827 1142 2168 1202 secundum
2226 1144 2684 1222 praecedentem

234 1240 758 1302 constructionem
790 1239 1012 1299 iterum
1042 1238 1244 1311 ducta,
1278 1239 1340 1299 ἃ
1371 1239 1627 1299 inventa
1670 1239 1921 1318 insuper
1949 1237 2336 1320 longitudine
2363 1241 2534 1300 MP
2554 1268 2579 1312 ‚·
2623 1242 2684 1300 in

237 1341 349 1399 tB
378 1340 658 1419 capiatur
685 1350 985 1418 punctum
1015 1338 1064 1409 b,
1098 1359 1174 1398 ea
1202 1336 1358 1418 lege,
1392 1349 1461 1397 ut
1489 1337 1541 1396 si
1581 1337 1749 1407 TA,
1781 1362 1821 1393 τ
1847 1336 1903 1396 C
1926 1358 1995 1397 se
2028 1349 2244 1398 mutuo
2286 1338 2593 1398 secuerint
2623 1339 2686 1398 in

243 1443 314 1514 Y,
368 1442 450 1502 sit
498 1440 795 1501 distantia
855 1439 921 1498 Y
933 1438 968 1498 b
1018 1438 1099 1498 ad
1151 1438 1511 1499 distantiam
1580 1437 1646 1496 Y
1657 1437 1736 1507 B,
1799 1425 1877 1495 in⁰
1919 1436 2157 1496 ratione
2208 1437 2550 1515 composita
2608 1458 2688 1497 ex

236 1541 477 1603 ratione
503 1540 674 1599 MP
701 1538 783 1598 ad
813 1537 1005 1597 MN
1029 1536 1090 1597 &
1119 1536 1358 1597 ratione
1399 1532 1832 1613 subduplicata
1863 1534 1919 1593 S
1934 1534 2000 1592 B
2028 1533 2109 1592 ad
2135 1533 2191 1592 S
2208 1533 2256 1593 b.
2351 1533 2439 1593 Et
2468 1534 2689 1593 eadem

238 1638 538 1701 methodo
587 1635 1031 1697 inveniendum
1072 1634 1188 1695 erit
1234 1645 1533 1713 punctum
1578 1631 1826 1692 tertium
1857 1632 1903 1703 β
1931 1631 1982 1690 si
2032 1630 2220 1691 modo
2266 1630 2688 1710 operationem

238 1737 423 1799 tertio
454 1748 734 1816 repetere
763 1732 950 1794 lubet.
1045 1731 1175 1793 Sed
1206 1731 1321 1791 hac
1352 1730 1651 1791 methodo
1681 1729 2074 1809 operationes
2104 1728 2245 1789 duae
2270 1742 2338 1788 ut
2359 1727 2689 1808 plurimum

238 1836 609 1898 suffecerint.
728 1833 898 1894 Nam
949 1832 1000 1892 si
1058 1830 1353 1890 distantia
1396 1829 1460 1888 B
1482 1829 1516 1888 b
1563 1827 1902 1908 perexigua
1954 1827 2278 1887 obvenerit
2303 1852 2314 1901 ;
2361 1840 2690 1907 postquam

242 1935 498 1996 inventa
526 1945 673 1994 sunt
702 1944 933 2012 puncta
960 1931 1034 2001 F,
1050 1928 1116 2008 f
1130 1928 1190 1988 ἃ
1226 1928 1299 1999 G,
1320 1949 1385 2008 g,
1418 1939 1574 1987 actae
1606 1938 1790 1987 rectae
1820 1926 1889 1984 F
1883 1924 1949 2004 s
1964 1925 2024 1985 ἃ
2060 1926 2119 1985 G
2129 1947 2185 2006 g
2208 1926 2505 1986 secabunt
2548 1927 2683 1987 TA

245 2033 306 2095 &
334 2059 374 2091 τ
397 2033 454 2094 C
478 2033 539 2093 in
570 2030 815 2113 punctis
846 2028 1124 2110 quaesitis
1154 2027 1230 2086 X
1252 2025 1313 2086 &
1341 2026 1416 2085 Z.

1279 2245 1669 2325 Exemplum.

365 2419 755 2499 Proponatur
783 2427 1028 2477 cometa
1056 2414 1202 2475 anni
1243 2415 1414 2474 1680.
1511 2412 1721 2492 Hujus
1754 2422 1990 2470 motum
2022 2431 2059 2469 a
2087 2409 2456 2469 Flamstedz'o
2485 2410 2692 2470 obser—

35 2527 38 2534 '
140 2576 142 2579 ,
250 2530 466 2579 vatum
500 2516 559 2577 &
590 2537 670 2577 ex
699 2513 1240 2576 observationibus
1285 2522 1726 2590 computatum,
1760 2501 1948 2587 atque
1972 2508 2051 2567 ab
2081 2508 2337 2568 Hallez'o
2367 2529 2444 2568 ex
2476 2508 2694 2568 iisdem

249 2617 788 2682 observationibus
818 2626 1178 2686 correctum,
1211 2610 1423 2674 tabula
1452 2631 1719 2691 sequens
1751 2608 2016 2670 exhibet.
