2846 4224
1147 95 1384 144 LIBER
1416 67 1724 148 PRIMUS.
2566 127 2644 188 77

0 0 15 412 Ι
46 356 81 398 >τὲ

0 416 82 470 Μ,
1067 363 1498 427 LEMMA
1576 368 1822 429 XIX.

0 494 15 609 ξ
48 503 59 546 1
222 526 511 588 Invenire
520 532 829 605 puuctum
862 525 929 599 P,
961 547 1002 585 a
1030 547 1149 606 quo
1176 527 1237 588 si

9 636 13 642 ’
306 645 479 697 recloe
530 644 803 716 quatuor
867 636 914 695 P
938 636 1016 714 Q,
1079 637 1126 697 P
1156 638 1231 710 R,

312 748 359 807 P
380 748 444 819 S,
488 747 536 807 P
560 747 618 806 T
663 746 753 807 ad
786 746 949 808 alias
991 748 1232 808 totidem

278 940 283 945 ἢ
289 860 594 940 positione
633 859 810 919 datas
852 868 1043 920 rectas
1072 859 1135 919 A
1160 860 1227 931 B,

229 978 242 986 “
308 973 454 1044 CD,
488 972 636 1043 AC,
675 972 724 1032 B
751 972 830 1044 D,
862 972 1126 1053 sz'ugulae
1150 971 1239 1031 ad

303 1086 598 1167 singulas,
647 1086 717 1146 z'n
766 1085 931 1145 datz‘s
978 1083 1231 1163 angulis

302 1199 629 1271 ducantur,
663 1196 1091 1276 rectangulum
1119 1194 1228 1255 sub

297 1311 534 1371 duabus
577 1309 790 1384 ductis,
843 1310 889 1368 P
914 1308 973 1386 Q
1000 1328 1040 1367 ><
1069 1307 1116 1366 Ρ
1142 1306 1222 1380 R,

296 1422 382 1483 sit
399 1422 490 1483 ad
501 1422 926 1502 rectangulum
948 1420 1056 1481 sub
1079 1418 1226 1478 aliis

296 1534 547 1610 duabus,
586 1535 632 1594 P
656 1534 701 1595 S
728 1554 768 1594 Χ
796 1532 930 1606 ΡΤ,
963 1532 1033 1592 iu
1075 1530 1223 1590 data

297 1647 546 1708 ratione.

328 1828 542 1888 Lineae
587 1826 656 1886 A
684 1826 763 1897 B,
817 1825 873 1885 C
887 1824 972 1895 D,
1005 1822 1085 1882 ad
1117 1842 1272 1901 quas
1303 1832 1486 1880 rectae
1518 1820 1659 1881 duae
1702 1821 1767 1880 P
1791 1821 1864 1896 Q,
1896 1822 1961 1882 P
1980 1823 2048 1882 R
2090 1846 2280 1885 unum
2327 1839 2646 1910 rectangu-

209 1923 407 1987 lorum
460 1924 845 1985 continentes
896 1921 1217 1989 ducuntur,
1265 1918 1639 1978 conveniant
1689 1940 1828 1978 curn
1875 1918 2008 1979 aliis
2060 1921 2300 1983 duabus
2344 1926 2650 2003 positione

209 2022 370 2083 datis
414 2021 590 2082 lineis
636 2022 697 2081 in
743 2019 987 2100 punctis
1031 2018 1120 2086 A,
1152 2016 1231 2086 B,
1270 2015 1334 2087 C,
1367 2016 1451 2075 D.
1545 2015 1653 2075 Ab
1683 2038 1897 2076 eorum
1928 2015 2137 2097 aliquo
2166 2020 2235 2079 A
2270 2041 2389 2101 age
2419 2036 2648 2083 rectam

210 2118 550 2200 quamlibet
590 2119 658 2178 A
690 2119 781 2190 H,
830 2118 890 2177 in
937 2137 1061 2196 qua
1103 2111 1258 2173 velis
1303 2125 1600 2192 punctum
1643 2114 1708 2172 P
1751 2115 2015 2192 reperiri.
2108 2116 2294 2177 Secet
2339 2141 2413 2179 ea
2456 2118 2648 2181 lineas

209 2217 526 2298 oppositas
569 2218 633 2276 B
654 2217 738 2288 D,
778 2217 834 2276 C
848 2216 932 2285 D,
966 2212 1253 2273 nimirum
1295 2211 1361 2270 B
1382 2211 1453 2269 D
1503 2210 1563 2269 in
1615 2210 1703 2269 H
1745 2210 1805 2270 8ε
1855 2211 1911 2271 C
1927 2213 1998 2271 D
2041 2213 2101 2272 in
2146 2215 2201 2285 I,
2237 2215 2297 2275 Sc
2341 2217 2423 2277 ob
2467 2218 2647 2279 datos

209 2336 425 2375 omnes
477 2312 737 2396 angulos
790 2313 1020 2394 figurae,
1066 2310 1379 2369 dabuntur
1428 2308 1695 2368 rationes
1739 2308 1884 2382 PQ
1935 2309 2015 2368 ad
2059 2312 2212 2371 PA
2263 2312 2323 2372 &
2365 2315 2517 2390 PA
2566 2317 2645 2376 ad

206 2413 271 2472 P
288 2413 354 2484 S,
389 2413 653 2492 ideoque
684 2411 838 2471 ratio
867 2411 930 2469 P
955 2410 1010 2483 Q
1042 2408 1122 2468 ad
1153 2409 1215 2467 P
1237 2408 1303 2467 S.
1398 2405 1762 2466 Auferendo
1807 2404 1973 2466 hanc
1995 2428 2032 2466 a
2062 2408 2210 2468 data
2239 2411 2475 2472 ratione
2504 2413 2568 2472 P
2588 2414 2646 2487 Q

227 2489 438 2570 xP'R
481 2509 561 2569 ad
604 2509 745 2568 PS
764 2508 888 2567 ><Ρ
920 2507 988 2577 Τ,
1021 2505 1268 2565 dabitur
1318 2503 1473 2563 ratio
1515 2503 1666 2562 PR
1709 2502 1789 2562 ad
1833 2504 1896 2562 P
1929 2504 1995 2575 Τ,
2031 2504 2090 2564 &
2134 2506 2425 2568 addendo
2469 2509 2647 2571 datas

206 2607 471 2668 rationes
500 2608 564 2666 P
583 2608 632 2665 I
654 2606 734 2666 ad
764 2607 827 2665 P
847 2605 928 2675 R,
963 2603 1023 2663 &
1051 2605 1115 2662 P
1149 2603 1212 2662 T
1230 2602 1310 2662 ad
1339 2602 1403 2661 P
1423 2601 1510 2660 H
1530 2600 1776 2660 dabitur
1804 2601 1959 2661 ratio
1987 2602 2051 2660 P
2070 2602 2120 2660 I
2141 2602 2221 2662 ad
2250 2604 2315 2663 P
2334 2605 2426 2676 Η,
2459 2619 2646 2686 atque

208 2703 348 2765 ideo
378 2716 677 2783 punctum
709 2704 784 2763 P.
879 2702 952 2777 Q.
967 2701 1119 2761 Es.

323 2803 517 2863 Corol.
563 2823 608 2862 1.
662 2802 832 2861 Hinc
875 2800 1063 2861 etiam
1115 2796 1195 2856 ad
1247 2794 1364 2856 loci
1409 2807 1776 2875 punctorum
1823 2794 2199 2856 infinitorum
2242 2798 2307 2856 P
2348 2812 2644 2877 punctum

207 2900 471 2979 quodvis
520 2901 592 2960 D
642 2912 906 2980 tangens
958 2895 1100 2957 duci
1153 2905 1373 2974 potest.
1468 2891 1637 2951 Nam
1682 2892 1914 2952 chorda
1955 2895 2123 2965 PD,
2157 2895 2261 2954 ubi
2306 2910 2533 2975 puncta
2581 2900 2647 2959 P

205 3017 278 3056 ac
325 2998 397 3056 D
446 2997 836 3067 conveniunt,
891 2995 1009 3056 hoc
1053 3006 1163 3064 est,
1210 2992 1316 3052 ubi
1359 2992 1427 3051 A
1457 2991 1543 3050 H
1578 2990 1821 3050 ducitur
1870 3012 1982 3070 per
2030 3004 2327 3070 punctum
2378 2995 2462 3066 D,
2509 3008 2641 3055 tan-

204 3115 360 3175 gens
411 3095 637 3156 evadit.
730 3095 874 3173 Quo
919 3094 980 3153 in
1026 3114 1187 3162 casu,
1221 3088 1437 3149 ultima
1480 3088 1635 3148 ratio
1680 3090 2181 3149 evanescentium
2225 3092 2351 3150 [Ρ
2395 3092 2455 3152 &
2482 3093 2654 3153 PH

207 3191 552 3253 invenietur
593 3204 663 3252 ut
713 3213 914 3271 supra.
1009 3190 1136 3270 Ipsi
1183 3189 1369 3270 igitur
1397 3187 1465 3246 A
1491 3187 1563 3246 D
1598 3186 1718 3246 duc
1756 3184 2109 3265 parallelam
2146 3187 2202 3246 C
2216 3188 2290 3259 F,
2323 3210 2639 3250 occurren-

206 3301 331 3350 tem
373 3291 524 3350 BD
568 3291 629 3350 in
671 3291 746 3361 F,
780 3289 841 3349 ἃ
885 3289 946 3348 in
991 3309 1067 3348 ea
1110 3285 1326 3347 ultima
1369 3285 1605 3344 ratione
1635 3297 1867 3343 sectam
1899 3284 1960 3343 in
1990 3284 2071 3355 E,
2107 3284 2166 3344 &
2194 3286 2356 3345 DE
2380 3299 2641 3368 tangens

205 3387 336 3461 erit,
368 3401 697 3468 propterea
740 3387 910 3467 quod
961 3388 1017 3447 C
1031 3388 1101 3446 F
1136 3385 1197 3446 &
1240 3404 1620 3446 evanescens
1663 3383 1814 3442 [Η
1846 3381 2155 3462 parallelae
2186 3396 2344 3455 sunt,
2379 3385 2529 3445 &in
2573 3386 2643 3445 E

207 3483 268 3545 &
293 3486 358 3545 P
385 3485 662 3546 similiter
689 3498 892 3546 sectae.
2392 3555 2394 3558 .

321 3584 514 3644 Corol.
551 3604 602 3645 2.
656 3583 826 3643 Hinc
876 3583 1064 3643 etiam
1109 3581 1280 3642 locus
1324 3591 1692 3659 punctorum
1737 3578 2013 3638 omnium
2057 3579 2121 3637 P
2148 3578 2386 3639 definiri
2416 3593 2635 3659 potest.

211 3679 329 3741 Per
378 3681 642 3761 quodvis
694 3693 1062 3760 punctorum
1113 3679 1203 3752 A,
1249 3679 1328 3750 B,
1367 3677 1433 3748 C,
1465 3677 1551 3749 D,
1604 3688 1755 3756 puta
1804 3676 1893 3746 A,
1947 3675 2067 3735 duc
2117 3674 2231 3736 loci
2280 3689 2635 3758 tangentem

206 3777 273 3837 A
299 3779 379 3850 E,
413 3778 472 3838 8c
516 3800 628 3858 per
668 3777 834 3838 aliud
879 3778 1148 3858 quodvis
1192 3787 1489 3855 punctum
1532 3775 1598 3834 B
1639 3773 1760 3832 duc
1801 3772 2079 3852 tangenti
2108 3771 2463 3851 parallelam
2492 3774 2646 3832 BF
