2846 4224
201 117 280 160 20
1124 96 1435 149 AXJOMA
1447 96 1554 158 TA,
1594 95 1776 147 SIVE

196 280 412 350 partes
466 265 811 329 contrarias
864 264 1062 338 factiS,
1117 277 1312 348 atque
1366 264 1512 327 ideo
1559 263 1641 325 ab
1686 261 2041 324 actionibus
2090 259 2316 323 horum
2369 283 2705 347 corporum

199 370 366 430 inter
423 389 509 440 se,
572 388 690 428 nec
749 378 1163 448 promovetur
1222 387 1340 428 nec
1399 364 1757 427 retardatur
1816 384 1933 424 nec
1994 362 2412 424 mutationem
2470 365 2711 446 patitur

202 470 265 531 in
314 482 483 531 statu
533 490 650 530 suo
704 467 917 549 quoad
959 480 1203 529 motum
1249 465 1348 528 vel
1401 466 1698 548 quietem.
1799 464 1875 526 In
1922 476 2274 545 systemate
2317 477 2532 527 autem
2572 488 2707 530 cor-

198 592 426 653 porum
474 567 763 651 plurium,
797 568 1099 650 quoniam
1140 567 1411 629 duorum
1465 565 1837 647 quorumvis
1888 564 1951 625 in
1997 585 2068 625 se
2114 576 2336 626 mutuo
2381 566 2708 649 agentium

200 691 536 733 commune
593 669 926 751 gravitatis
987 680 1272 729 centrum
1332 667 1416 729 ob
1476 666 1794 742 actionem,
1852 662 2022 726 illam
2086 663 2444 727 nullatenus
2505 680 2711 730 mutat

201 784 439 833 statum
501 792 727 841 suum;
791 769 852 830 &
906 766 1306 849 reliquorum,
1363 766 1741 848 quibuscum
1794 765 1960 827 actio
2014 763 2118 827 illa
2173 786 2300 827 non
2357 766 2705 842 intercedit,

201 892 537 933 commune
594 856 927 953 gravitatis
988 881 1273 929 centrum
1334 865 1487 928 nihil
1550 866 1698 928 inde
1765 867 2004 947 patitur
2028 889 2042 940 ;
2116 866 2420 929 distantia
2492 882 2708 932 autem

200 973 425 1034 horum
478 972 748 1033 duorum
802 982 1161 1031 centrorum
1214 966 1520 1028 dividitur
1570 987 1609 1027 a
1661 967 1981 1028 communi
2034 989 2370 1049 corporum
2423 971 2709 1033 omnium

201 1085 417 1134 centro
478 1072 540 1132 in
599 1083 812 1152 partes
873 1070 1138 1131 summis
1199 1066 1497 1130 totalibus
1558 1089 1894 1149 corporum
1956 1090 2226 1150 quorum
2286 1084 2436 1133 sunt
2494 1087 2711 1136 centra

200 1173 517 1255 reciproce
569 1169 1107 1254 proportionales;
1158 1168 1431 1249 ideoque
1485 1168 1715 1229 centris
1766 1167 1884 1230 illis
1932 1169 2183 1232 duobus
2231 1183 2469 1233 statum
2521 1194 2708 1236 suum

200 1273 501 1336 movendi
561 1271 664 1335 vel
725 1271 1092 1354 quiescendi
1166 1269 1584 1341 servantibus,
1648 1291 1986 1333 commune
2060 1272 2345 1334 omnium
2421 1288 2709 1338 centrum

197 1385 413 1435 servat
471 1373 662 1435 etiam
723 1386 959 1434 statum
1018 1393 1249 1433 suum:
1312 1369 1718 1432 manifestum
1778 1385 1877 1433 est
1936 1374 2110 1455 quod
2164 1395 2501 1439 commune
2555 1375 2709 1441 illud
2741 1438 2772 1460 „

198 1474 482 1535 omnium
531 1486 814 1535 centrum
864 1474 948 1535 ob
995 1473 1275 1535 actiones
1328 1472 1621 1533 binorum
1671 1494 2007 1554 corporum
2055 1474 2220 1537 inter
2262 1498 2334 1539 se
2380 1499 2708 1561 nunquam

197 1587 401 1637 mutat
446 1588 681 1637 statum
727 1597 911 1636 suurn
959 1573 1171 1656 quoad
1218 1585 1462 1634 motum
1511 1571 1572 1634 &
1604 1573 1902 1654 quietem.
2004 1575 2079 1636 In
2113 1575 2221 1638 tali
2253 1591 2469 1641 autern
2500 1594 2721 1663 syste-·

195 1689 366 1738 mate
410 1676 691 1738 actiones
737 1698 958 1738 omnes
1005 1696 1339 1756 corporum
1391 1674 1555 1736 inter
1598 1697 1684 1747 se,
1718 1674 1821 1737 vel
1869 1675 2033 1738 inter
2062 1677 2212 1739 bina
2243 1692 2392 1741 sunt
2422 1702 2704 1763 corpora,

193 1775 296 1838 vel
345 1778 428 1839 ab
474 1778 826 1839 actionibus
881 1778 1043 1839 inter
1086 1777 1234 1837 bina
1281 1776 1687 1857 compositae;
1742 1777 1804 1838 &
1848 1791 2188 1859 propterea
2218 1783 2539 1844 communi
2570 1805 2706 1846 om-

193 1877 368 1938 nium
418 1890 634 1940 centro
688 1878 1102 1939 mutationem
1154 1877 1215 1937 in
1265 1889 1433 1938 statu
1489 1890 1699 1939 motus
1749 1878 1885 1961 ejus
1939 1877 2042 1941 vel
2097 1881 2327 1962 quietis
2378 1905 2706 1966 nunquam

153 1978 513 2041 inducunt.
611 1979 827 2059 Quare
876 2001 1019 2039 curn
1074 1990 1360 2039 centrum
1415 1975 1567 2039 illud
1617 1978 1724 2040 ubi
1775 2000 2041 2061 corpora
2092 2004 2221 2045 non
2269 1998 2470 2067 agunt
2518 1986 2581 2048 in
2635 2009 2708 2050 se

194 2080 481 2155 invicem,
538 2079 640 2143 vel
695 2081 977 2162 quiescit,
1033 2077 1136 2141 vel
1192 2079 1254 2140 in
1310 2091 1481 2141 recta
1533 2077 1747 2162 aliqua
1806 2082 2213 2164 progreditur
2269 2085 2707 2162 uniformiter;

190 2194 420 2264 perget
495 2181 679 2254 idern,
744 2203 870 2243 non
940 2181 1341 2243 obstantibus
1409 2202 1745 2262 corporum
1806 2183 2163 2247 actionibus
2230 2185 2395 2249 inter
2452 2210 2539 2262 se,
2600 2188 2706 2253 vel

190 2302 446 2362 semper
504 2282 845 2363 quiescere,
908 2280 1012 2343 vel
1080 2303 1336 2362 semper
1394 2282 1696 2365 progredi
1756 2284 2156 2349 uniformiter
2218 2287 2280 2349 in
2356 2289 2706 2366 directum;

188 2382 306 2442 nisi
367 2404 406 2443 a
457 2383 696 2444 viribus
751 2384 813 2444 in
867 2396 1150 2464 systema
1201 2383 1593 2445 extrinsecus
1648 2385 1972 2467 impressis
2025 2387 2399 2452 deturbetur
2449 2392 2532 2455 de
2585 2393 2707 2457 hoc

189 2495 373 2544 statu.
490 2483 614 2544 Est
675 2484 866 2566 igitur
924 2483 1289 2566 systematis
1350 2505 1687 2565 corporum
1749 2484 2023 2567 plurium
2085 2487 2189 2552 lex
2250 2492 2493 2567 eadem,
2557 2516 2705 2577 quae

189 2583 470 2663 corporis
516 2582 792 2656 solitarii,
851 2585 1064 2665 quoad
1113 2586 1655 2665 perseverantiam
1704 2587 1766 2647 in
1813 2601 1981 2650 statu
2032 2605 2243 2654 motus
2292 2592 2394 2656 vel
2450 2595 2698 2677 quietis,

195 2682 416 2744 Motus
448 2683 616 2745 enim
641 2685 1085 2767 progressivus
1110 2706 1222 2746 seu
1249 2685 1528 2766 corporis
1553 2684 1813 2748 solitarii
1839 2711 1952 2751 seu
1977 2694 2341 2773 systematis
2366 2716 2703 2779 corporum

189 2804 270 2844 ex
302 2796 477 2846 motu
510 2785 707 2846 centri
737 2786 1068 2868 gravitatis
1100 2786 1400 2848 aestimari
1432 2808 1687 2868 semper
1715 2787 1927 2853 debet.

913 3082 1799 3148 COROLLARIUM
1881 3089 1968 3150 V.

193 3264 544 3346 Corporum
601 3265 747 3327 dato
804 3267 1005 3347 spatio
1062 3267 1452 3330 inclusorum
1509 3268 1696 3332 iidem
1752 3282 1907 3335 sunt
1963 3284 2167 3340 molus
2223 3277 2397 3342 mter
2447 3304 2525 3360 se,
2578 3307 2707 3347 szve

270 3381 548 3462 „ssatzum
586 3382 763 3445 zllud
790 3383 1075 3465 quzescat,
1115 3406 1241 3447 szve
1275 3392 1600 3447 moveatur
1635 3387 1795 3450 idem
1833 3389 2253 3471 unzfhrmzter
2286 3417 2358 3457 zn
2394 3396 2701 3462 dzrectum

270 3518 404 3558 szne
444 3504 617 3559 motu
660 3497 977 3562 czrcularz'.

305 3666 477 3727 Nam
546 3666 921 3730 differentiae
990 3682 1278 3731 motuum
1347 3670 1747 3734 tendentium
1815 3675 1897 3736 ad
1966 3678 2238 3741 eandem
2306 3686 2699 3763 partem,&

181 3789 450 3829 summae
494 3768 892 3831 tendentium
941 3769 1024 3831 ad
1074 3771 1434 3844 contrariaS,
1469 3772 1715 3835 eaedem
1764 3788 1914 3837 sunt
1957 3778 2078 3840 sub
2121 3779 2298 3844 initio
2330 3783 2392 3845 in
2424 3798 2697 3869 utroque

182 3890 330 3930 casu
389 3867 493 3951 (ex
543 3869 907 3951 hypothesi)
968 3870 1029 3932 &
1082 3893 1162 3932 ex
1209 3871 1308 3938 his
1353 3875 1618 3936 summis
1658 3874 1761 3938 vel
1809 3877 2181 3944 differentiis
2220 3885 2509 3949 oriuntur
2544 3910 2692 3951 con-

2802 3614 2846 3836 ι
