2852 4250
183 93 314 172 238
1010 89 1127 140 DE
1159 90 1398 142 MOTU
1423 90 1864 142 CORPORUM

177 258 436 322 Deinde
485 279 602 340 per
652 256 1207 339 computationem,
1262 278 1343 318 ex
1391 254 1789 340 longitudine
1842 252 1947 319 illa
1997 271 2326 341 assumpta
2368 261 2538 337 ΒΡ,
2585 264 2676 327 in-

2033 341 2166 422 Ff

173 394 512 457 veniantur
567 391 998 475 longitudines
1041 392 1211 465 DF,
1272 392 1346 453 D
1347 391 1416 471 f,
1476 413 1551 453 ac
1595 392 1678 454 de
1723 391 1967 455 ratione
2011 426 2196 499 D—F,
2228 418 2345 478 per
2373 397 2680 462 calculum

175 523 451 594 inventa,
514 520 835 582 auferatur
892 519 1052 581 ratio
1111 519 1338 581 eadem
1398 540 1514 600 per
1572 520 2083 600 experimentum
2143 524 2419 600 inventa,
2469 527 2531 589 81
2575 550 2681 590 ex-

175 635 450 703 ponatur
479 621 834 682 differentia
865 641 981 701 per
1008 617 1531 699 perpendiculum
1562 618 1765 680 MN.
1851 620 2032 683 Idem
2063 622 2161 685 fac
2193 624 2420 687 iterum
2457 649 2530 688 ac
2561 642 2682 691 ter-

174 723 281 797 tio,
338 719 722 782 assumendo
774 740 1030 799 semper
1081 739 1315 779 novam
1365 717 1742 780 resistentiae
1789 719 1874 780 ad
1926 723 2310 804 gravitatem
2371 727 2681 789 rationem

176 824 234 883 S
251 823 351 894 M
416 821 478 882 &
537 818 894 901 colligendo
962 839 1195 880 novam
1263 817 1685 879 differentiam
1744 820 1947 884 MN.
2077 823 2411 886 Ducantur
2467 840 2682 889 autem

174 921 547 984 differentiae
584 919 982 981 affirmativae
1027 916 1110 978 ad
1152 938 1343 977 unam
1386 930 1634 998 partem
1681 932 1871 982 rectae
1917 921 2093 997 SM,
2129 923 2191 986 &
2237 926 2553 1010 negativae
2599 928 2681 989 ad

167 3351 500 3436 longitudo
544 3356 709 3416 DF
742 3377 858 3437 per
909 3357 1251 3437 calculum;
1301 3363 1362 3425 ἃ
1406 3362 1755 3448 longitudo,
1811 3391 1956 3451 quae
2009 3372 2092 3434 sit
2138 3374 2220 3435 ad
2280 3388 2675 3457 assumptam

166 3451 631 3537 longitudinem
675 3457 852 3533 DF,
901 3470 972 3520 ut
1017 3458 1352 3544 longitudo
1395 3465 1562 3526 DF
1594 3488 1711 3548 per
1753 3470 2260 3551 experimentum
2307 3476 2563 3558 cognita
2591 3475 2675 3537 ad

164 3551 629 3637 longitudinem
672 3557 838 3618 DF
871 3559 1065 3623 modo
1118 3562 1460 3639 inventam,
1508 3567 1628 3629 erit
1671 3590 1825 3631 vera
1864 3568 2199 3655 longitudo
2256 3576 2431 3638 DP.
2525 3575 2676 3655 Qua

167 3653 442 3728 inventa,
491 3655 761 3718 habetur
819 3670 955 3719 tum
1009 3682 1203 3724 curva
1255 3662 1423 3727 linea
1465 3667 1539 3727 D
1562 3670 1751 3730 raF
1799 3692 1993 3752 quam
2053 3695 2283 3757 corpus
2356 3675 2670 3751 describit,

166 3769 303 3817 tum
335 3757 614 3840 corporis
645 3755 947 3823 velocitas
980 3760 1043 3823 &
1072 3763 1430 3827 resistentia
1461 3766 1525 3828 in
1556 3765 1710 3832 locis
1741 3770 2024 3855 singulis,
2261 3767 2266 3772 ’
