2846 4224
811 542 1674 664 'AXJOMA
1739 545 2008 649 TA,
2110 483 2116 489 ⁶

1359 779 1549 820 SIVE

1029 952 1390 1022 LEGES
1479 936 1871 1022 MOTUS.

1246 1340 1494 1402 LEX
1589 1343 1652 1404 I.

229 1530 468 1611 Corpus
523 1547 696 1588 omne
732 1532 1125 1613 perseverare
1170 1522 1240 1583 in
1296 1530 1465 1584 statu
1514 1546 1622 1602 suo
1666 1525 2005 1605 quiescendi
2059 1529 2155 1589 vel
2206 1530 2483 1590 movendi
2536 1530 2674 1590 uni-

290 1641 598 1729 formitor
623 1639 694 1700 in
721 1637 1036 1729 direcium,
1070 1635 1199 1697 nisi
1235 1643 1539 1721 quatenus
1567 1637 1740 1706 illud
1766 1660 1806 1699 a
1837 1639 2074 1702 viribus
2102 1641 2409 1722 impressis
2443 1643 2684 1723 cogitur

307 1762 541 1817 statum
567 1772 748 1835 suzam
778 1757 1035 1811 mutare.
2585 1748 2592 1755 ⁴

388 1931 945 2015 ROJECTILIA
1007 1943 1411 2010 perseverant
1471 1931 1531 1990 in
1592 1931 1863 1992 motibus
1922 1934 2064 2005 suis,
2114 1935 2229 1995 nisi
2276 1948 2583 2015 quatenus
2642 1958 2680 1996 a

468 2032 817 2099 resistentia
862 2030 1022 2091 aeris
1070 2029 1475 2100 retardantur,
1511 2028 1571 2089 &
1618 2030 1679 2089 vi
1710 2032 2036 2111 gravitatis
2074 2033 2472 2114 impelluntur
2500 2035 2676 2096 deor-

226 2156 380 2195 sum.
476 2132 776 2202 Trochus,
824 2129 998 2210 cujus
1043 2140 1251 2207 partes
1296 2127 1669 2188 cohaerendo
1713 2144 2015 2208 perpetuo
2068 2133 2388 2193 retrahunt
2445 2155 2584 2194 sese
2642 2155 2680 2210 a

227 2233 496 2294 motibus
528 2229 870 2300 rectilineiS,
905 2249 1028 2288 non
1060 2239 1261 2287 cessat
1302 2227 1501 2297 rotari,
1537 2227 1651 2286 nisi
1693 2241 2000 2307 quatenus
2031 2232 2110 2291 ab
2140 2242 2283 2292 ae‘re
2315 2232 2673 2293 retardatur.

231 2330 476 2412 Majora
546 2342 754 2389 autem
827 2326 1213 2407 planetarum
1275 2325 1335 2385 &
1394 2339 1772 2386 cometarum
1833 2350 2091 2408 corpora
2149 2344 2353 2391 motus
2412 2353 2557 2392 suos
2618 2331 2678 2391 ἃ

225 2429 653 2511 progressivos
699 2428 759 2488 &
810 2425 1132 2488 circulares
1180 2426 1239 2485 in
1285 2426 1501 2504 spatiis
1547 2426 1750 2486 minus
1811 2427 2235 2488 resistentibus
2280 2428 2474 2490 factos
2534 2451 2675 2490 con-

226 2541 479 2590 servant
508 2527 752 2589 diutius,

1212 2773 1459 2833 LEX
1556 2774 1685 2834 II.

21 2947 38 3030 ’,
126 2998 129 3002 1
225 2957 646 3019 Mutationem
691 2964 887 3038 motus
914 2955 1449 3036 proportionalem
1493 2977 1607 3015 esse
1647 2955 1714 3016 vi
1754 2955 2002 3016 molrici
2040 2955 2356 3036 improssoe,
2417 2957 2497 3021 ὅς’
2520 2956 2685 3037 fieri

559 3063 562 3066 Δ
604 3070 928 3132 secundum
953 3070 1179 3130 lineam
1211 3076 1434 3128 rectam
1462 3090 1586 3148 qua
1618 3068 1710 3129 vis
1739 3069 1854 3128 illa
1886 3067 2295 3148 imprimitur.

339 3251 409 3313 Si
467 3251 564 3312 vis
621 3250 828 3331 aliqua
887 3263 1125 3311 motum
1186 3250 1472 3330 quemvis
1540 3262 1834 3332 generet;
1909 3248 2100 3329 dupla
2157 3249 2431 3330 duplum,
2498 3248 2679 3330 tripla

225 3348 476 3430 triplum
534 3350 873 3432 generabit,
927 3350 1061 3410 sive
1105 3348 1285 3411 simul
1333 3349 1393 3410 &
1438 3348 1645 3421 semel,
1693 3350 1827 3410 sive
1869 3349 2179 3431 gradatim
2226 3350 2286 3410 81
2329 3351 2679 3410 successive

228 3449 528 3529 impressa
556 3449 752 3511 fuerit.
878 3449 967 3509 Et
1013 3448 1112 3508 hic
1153 3460 1358 3511 motus
1394 3446 1713 3528 (quoniam
1746 3448 1807 3507 in
1856 3447 2121 3508 eandem
2152 3469 2401 3527 semper
2428 3446 2676 3528 plagam

227 3569 367 3609 cum
410 3549 474 3609 vi
516 3548 899 3630 generatrice
943 3544 1413 3628 determinatur)
1462 3546 1514 3606 si
1560 3567 1782 3626 corpus
1826 3559 2011 3607 antea
2054 3545 2435 3616 movebatur,
2483 3543 2675 3604 motui

227 3648 360 3729 ejus
404 3646 503 3708 vel
549 3647 923 3727 conspiranti
976 3645 1239 3717 additur,
1301 3643 1401 3705 vel
1461 3645 1769 3706 contrario
1827 3644 2203 3715 subducitur,
2264 3642 2364 3704 vel
2424 3641 2675 3722 obliquo

228 3743 477 3825 oblique
534 3746 831 3827 adjicitur,
887 3745 947 3805 &
991 3766 1131 3805 cum
1177 3766 1253 3804 eo
1311 3742 1654 3803 secundum
1714 3743 2034 3822 utriusque
2093 3741 2670 3802 determinationem

227 3845 636 3923 componitur.
