2852 4250
1135 101 1374 150 LIBER
1404 100 1713 151 PRIMUS.
1751 107 1753 109 ·
2531 119 2652 182 207

213 273 219 277 ’
303 264 446 339 Ut,
498 265 552 326 si
602 263 767 327 vires
824 262 1184 343 centripetae
1233 259 1670 342 particularum
1730 260 1995 341 sphaerae
2051 262 2178 324 sint
2225 263 2538 343 reciproce
2585 278 2657 327 ut

217 362 530 427 distantiae
572 360 917 442 corpusculi
958 383 999 422 a
1040 382 1110 422 se
1151 360 1429 432 attracti3
1479 358 1594 432 viS‚
1640 379 1767 439 qua
1790 358 2234 439 ‘corpusculum
2277 361 2464 422 situm
2509 363 2570 423 in
2612 365 2665 424 I

216 459 481 521 trahitur
521 481 560 520 a
601 459 848 539 sphaera
896 470 1045 532 tota,
1099 457 1216 518 erit
1261 456 1343 516 ad
1389 456 1534 527 vim,
1589 477 1715 535 qua
1756 455 2019 517 trahitur
2068 457 2131 518 in
2179 459 2258 531 P,
2305 460 2366 519 in
2419 461 2657 524 ratione

216 547 561 637 composita
603 579 683 618 ex
721 554 1152 635 subduplicata
1195 554 1433 629 ratione
1469 553 1781 614 distantiae
1826 554 1883 613 S
1895 555 1946 614 I
1980 554 2061 615 ad
2103 555 2463 618 distantiam
2509 560 2565 618 S
2576 561 2655 633 P,

218 655 280 715 &
325 656 563 715 ratione
605 652 1036 733 subduplicata
1077 652 1174 712 vis
1218 651 1579 730 centripetae
1631 651 1693 711 in
1742 648 1881 712 loco
1930 653 1987 724 I,
2027 674 2065 712 a
2110 653 2409 732 particula
2451 653 2658 736 aliqua

217 748 292 813 inv
338 764 549 813 centro
607 750 901 821 oriundae,
961 748 1044 809 ad
1099 748 1230 809 vim
1289 748 1696 827 centripetam
1755 748 1817 808 in
1875 746 2014 810 loco
2069 751 2135 810 P
2190 751 2271 811 ab
2325 752 2546 812 eadem
2593 752 2655 812 in

214 862 427 911 centro
470 846 769 928 particula
810 845 1151 918 oriundam,
1198 845 1263 906 id
1307 858 1420 918 est,
1466 847 1706 907 ratione
1748 846 2180 927 subduplicata
2225 849 2657 910 distantiarum

119 945 123 949 ’
215 947 274 1018 S
285 948 342 1020 J,
381 947 453 1020 ,S
464 948 528 1020 P
575 946 658 1006 ad
717 945 997 1010 invicem
1038 944 1367 1024 reciproce.
1494 943 1620 1004 Hae
1678 944 1821 1006 duae
1878 946 2149 1011 rationes
2208 946 2657 1027 subduplicatae

214 1055 598 1124 componunt
643 1043 945 1103 rationem
994 1040 1381 1122 aequalitatiS,
1432 1040 1493 1102 &
1529 1055 1860 1122 propterea
1903 1044 2300 1105 attractiones
2333 1046 2393 1105 in
2432 1047 2482 1105 J
2507 1045 2567 1106 &
2594 1047 2661 1107 P

214 1162 253 1202 a
294 1141 542 1221 sphaera
589 1153 723 1202 tota
771 1140 951 1200 factae
1004 1152 1342 1220 aequantur.
1441 1138 1641 1200 Simili
1679 1153 1987 1220 computo,
2026 1141 2077 1202 si
2123 1142 2287 1203 vires
2332 1142 2656 1223 particula-

215 1260 351 1298 rum
402 1238 665 1318 sphaerae
715 1250 862 1298 sunt
912 1237 1222 1316 reciproce
1275 1237 1336 1297 in
1382 1235 1695 1317 duplicata
1745 1239 1985 1299 ratione
2036 1239 2484 1313 distantiarum,
2532 1242 2654 1304 col-

212 1333 440 1417 ligetur
477 1335 646 1416 quod
686 1335 970 1396 attractio
1014 1335 1075 1395 in
1105 1334 1154 1393 I
1175 1334 1257 1394 sit
1299 1334 1380 1394 ad
1425 1335 1856 1395 attractionem
1888 1335 1949 1395 in
1978 1337 2056 1408 P,
2089 1348 2159 1397 ut
2198 1337 2491 1398 distantia
2526 1339 2583 1399 S
2595 1340 2659 1398 P

213 1432 295 1493 ad
324 1433 587 1513 sphaerae
616 1432 1144 1494 semidiametrum
1177 1431 1314 1491 SA
1341 1456 1359 1493 .·
1404 1430 1473 1492 Si
1503 1431 1669 1492 vires
1700 1430 1819 1493 illae
1850 1445 1997 1494 sunt
2026 1434 2337 1514 reciproce
2370 1435 2431 1495 in
2463 1434 2654 1515 tripli-

210 2698 350 2749 cata
391 2685 630 2748 ratione
679 2685 1128 2758 distantiarum,
1176 2684 1575 2746 attractiones
1620 2682 1682 2744 in
1725 2684 1775 2743 I
1813 2681 1874 2743 8c
1918 2683 1983 2743 P
2025 2693 2207 2743 erunt
2256 2683 2336 2744 ad
2389 2683 2654 2748 invicem

211 2798 282 2847 ut
310 2785 367 2846 S
378 2785 442 2846 P
467 2784 646 2865 quad.
678 2785 758 2845 ad
790 2784 929 2845 SA
961 2783 1141 2865 quad.
1166 2810 1186 2846 .·
1230 2783 1301 2845 Si
1332 2784 1394 2844 in
1426 2779 1910 2863 quadruplicata,
1951 2792 2023 2840 ut
2062 2781 2119 2840 S
2129 2782 2195 2841 P
2210 2782 2334 2842 cub.
2383 2784 2464 2843 ad
2510 2786 2647 2846 SA

210 2883 335 2945 cub.
449 2882 643 2944 Unde
695 2903 835 2945 cum
884 2882 1172 2944 attractio
1215 2882 1278 2943 in
1328 2883 1406 2954 P,
1462 2882 1523 2942 in
1574 2880 1695 2942 hoc
1749 2878 1967 2941 ultimo
2018 2900 2181 2953 casu,
2236 2880 2492 2943 inventa
2540 2883 2657 2945 fuit

211 2980 523 3060 reciproce
566 2993 636 3041 ut
676 2981 815 3041 PS
826 2982 948 3043 cub.
974 2981 1102 3041 ><P
1116 2981 1174 3053 I,
1220 2979 1506 3040 attractio
1550 2978 1612 3039 in
1657 2979 1709 3039 I
1744 2978 1860 3039 erit
1902 2977 2215 3058 reciproce
2257 2991 2327 3039 ut
2370 2981 2507 3040 SA
2531 2982 2653 3045 cub.

230 3079 358 3139 ><P
373 3079 431 3151 I,
477 3078 541 3139 id
585 3091 681 3139 est
729 3078 836 3160 (ob
879 3079 1097 3139 datum
1143 3078 1279 3163 SA
1302 3076 1451 3158 cub.)
1500 3076 1814 3157 reciproce
1852 3087 1923 3136 ut
1955 3077 2020 3137 P
2035 3077 2091 3137 I.
2186 3076 2276 3138 Et
2314 3077 2529 3140 similis
2559 3091 2656 3140 est

211 3197 576 3257 progressus
606 3176 669 3237 in
700 3176 1022 3240 infinitum.
1114 3175 1472 3237 Theorema
1500 3197 1652 3237 vero
1682 3175 1770 3235 sic
1799 3174 2272 3238 demonstratur.

294 3273 650 3335 -Stantibus
689 3275 825 3356 jam
874 3286 1021 3336 ante
1072 3273 1452 3346 constructiS‚
1509 3271 1569 3333 &
1629 3272 1937 3334 existente
1988 3270 2353 3352 corpusculo
2405 3272 2466 3333 in
2517 3271 2654 3334 loco

2201 3372 2360 3431 DE
2373 3394 2413 3451 q
2435 3391 2476 3431 ><
2496 3372 2560 3431 P
2579 3372 2635 3431 S

2265 3473 2416 3532 PE
2434 3492 2476 3533 ><
2500 3472 2560 3531 V
2634 3462 2648 3475 ⁰

214 3568 391 3652 Ergo
420 3569 472 3632 si
502 3581 725 3653 agatur
767 3572 817 3631 I
825 3571 908 3643 E,
939 3570 1226 3633 ordinata
1271 3569 1375 3633 illa
1419 3592 1533 3652 pro
1580 3569 1702 3634 alio
1748 3569 1991 3652 quovis
2020 3568 2364 3655 corpusculi
2411 3568 2548 3631 loco
2591 3570 2649 3641 I,

229 3718 232 3721 -
414 3723 428 3736 .
757 3723 771 3737 .
1227 3671 1386 3732 DE
1399 3692 1439 3751 q
1467 3690 1508 3731 ><
1536 3671 1660 3732 IS
2048 3721 2063 3735 .
2372 3722 2386 3735 .

212 3734 463 3819 mutans
494 3723 821 3797 mutandis,
852 3723 1082 3836 evadet
1130 3736 1201 3786 ut
1308 3772 1358 3832 J
1366 3772 1437 3833 E
1455 3791 1496 3832 ><
1520 3770 1581 3830 V
1661 3772 1676 3785 .
1799 3723 1972 3784 Pone
1999 3743 2166 3823 vires
2196 3733 2582 3801 centripetaS,
2614 3742 2651 3782 e

212 3424 437 3505 quovis
492 3426 574 3501 P,
634 3424 966 3486 ordinatim
1030 3423 1341 3507 applicata
1387 3425 1561 3486 DN
1607 3424 1863 3486 inventa
1910 3423 2027 3485 fuit
2076 3436 2147 3484 ut
