2852 4250
1127 125 1365 175 LIBER
1397 125 1707 176 PRIMUS.
2522 149 2588 208 15
2606 152 2626 192 1

197 301 521 354 servantes
577 289 880 350 rationem
937 287 1019 375 ad
1077 287 1343 348 invicem
1401 284 1583 347 simul
1641 301 2032 361 evanescent,
2085 289 2150 350 id
2207 301 2319 362 est,
2378 312 2636 372 corpora

193 389 322 451 duo
360 385 702 455 oscillantia
742 383 924 447 simul
967 385 1334 465 pervenient
1375 383 1457 444 ad
1499 383 2011 463 perpendiculum
2053 386 2123 446 A
2146 387 2228 447 R.
2351 387 2637 468 Cumque

194 487 467 548 vicissim
518 506 811 547 ascensus
862 480 1444 564 perpendiculorum
1489 481 1570 541 de
1619 479 1757 542 loco
1810 481 2022 543 infimo
2079 483 2161 554 R,
2215 504 2328 563 per
2384 484 2639 545 eosdem

192 606 369 646 arcus
413 581 780 663 cycloidales
824 594 996 642 motu
1042 578 1402 660 retrogrado
1444 578 1604 650 sacti,
1651 578 2043 640 retardentur
2084 580 2146 639 in
2191 579 2340 641 locis
2379 581 2639 662 singulis

193 704 232 744 a
274 683 508 743 viribus
554 681 773 741 iisdem
817 701 856 740 a
897 679 1123 759 quibus
1158 677 1496 737 descensus
1526 673 2042 750 accelerabantur,
2075 690 2249 757 patet
2277 676 2638 740 velocitates

195 800 563 841 ascensuum
598 799 670 838 ac
699 777 1111 837 descensuum
1154 795 1268 854 per
1309 774 1566 835 eosdem
1609 795 1788 834 arcus
1831 774 2134 836 factorum
2179 773 2452 855 aequales
2482 797 2637 849 esse,

107 931 113 936 .
195 890 384 958 atque
432 877 574 938 ideo
619 874 1002 955 temporibus
1049 872 1392 953 aequalibus
1444 872 1610 946 fieri;
1658 872 1719 932 &
1764 885 2110 952 propterea,
2158 894 2300 934 cum
2344 871 2639 953 cycloidis

198 988 408 1056 partes
437 975 580 1035 duae
608 975 675 1035 R
696 974 753 1034 S
776 973 837 1033 &
865 973 932 1033 R
953 971 1010 1046 Q
1054 971 1135 1031 ad
1180 982 1514 1050 utrumque
1558 969 1980 1050 perpendiculi
2024 969 2185 1031 latus
2207 972 2489 1053 jacentes
2519 971 2645 1032 sint

196 1071 428 1134 similes
481 1072 542 1133 &
585 1069 872 1153 aequaleS,
926 1067 1200 1150 pendula
1242 1069 1368 1129 duo
1411 1066 1824 1130 oscillationes
1869 1090 2014 1129 suas
2059 1082 2187 1129 tam
2231 1081 2395 1130 totas
2453 1090 2649 1150 quam

195 1171 483 1232 dimidias
514 1170 734 1230 iisdem
765 1169 1148 1249 temporibus
1178 1189 1426 1247 semper
1454 1179 1773 1248 peragent.
1867 1168 1940 1243 Q.
1961 1169 2041 1228 E.
2066 1169 2150 1229 D.

312 1270 509 1331 Corol.
560 1269 676 1330 Vis
734 1290 859 1348 qua
915 1289 1138 1347 corpus
1209 1267 1274 1326 T
1334 1267 1395 1326 in
1454 1264 1591 1327 loco
1664 1266 1887 1345 quovis
1971 1267 2036 1326 T
2096 1263 2471 1326 acceleratur
2541 1265 2641 1327 vel

196 1368 543 1430 retardatur
572 1367 632 1427 in
664 1365 956 1446 cycloide,
989 1379 1085 1427 est
1127 1365 1208 1426 ad
1254 1378 1453 1426 totum
1499 1365 1772 1444 corporis
1817 1364 2098 1445 ejusdem
2139 1364 2383 1444 pondus
2416 1365 2477 1424 in
2508 1362 2645 1426 loco

194 1465 494 1528 altissimo
526 1466 584 1526 S
607 1464 707 1526 vel
740 1465 814 1541 Q,
847 1477 916 1525 ut
945 1463 1237 1545 cycloidis
1267 1485 1445 1524 arcus
1502 1463 1566 1523 T
1572 1463 1639 1523 R
1682 1462 1764 1523 ad
1808 1462 2090 1545 ejusdem
2120 1483 2330 1523 arcum
2362 1462 2498 1523 SR
2541 1460 2642 1523 vel

200 1567 359 1643 QR·

411 1781 1032 1844 PROPOSITIO
1111 1781 1280 1842 LII.
1386 1778 1949 1840 PROBLEMA
2030 1777 2410 1839 XXXIV.

194 1933 481 2015 Dqfim‘re
511 1935 592 1999 ὣ)
619 1933 948 1994 velocitates
973 1932 1392 2014 pendulorum
1435 1930 1505 1990 in
1536 1930 1678 1991 [σείς
1705 1929 1983 2010 singulm,
2022 1931 2103 1994 69³
2132 1938 2400 2009 tempora
2427 1930 2646 2009 quibus

275 2040 410 2092 tum
439 2031 835 2093 oscz‘llatz'ones
862 2039 1012 2103 totae,
1046 2039 1180 2091 tum
1207 2030 1470 2111 sz‘ngulae
1494 2028 1940 2090 oscillationum
1953 2035 2172 2107 partes
2184 2034 2604 2107 peraguntur.

310 2184 543 2246 Centro
587 2185 810 2265 quovis
859 2184 933 2256 G,
981 2181 1305 2245 intervallo
1357 2152 1521 2244 GH
1562 2179 1855 2262 cycloidis
1900 2202 2110 2242 arcum
2153 2180 2296 2241 RS
2333 2191 2639 2260 aequante,

202 3792 484 3855 describe
512 3787 962 3855 semicirculum
1006 3794 1092 3855 H
1100 3795 1181 3856 K
1188 3795 1284 3856 M
1317 3795 1780 3858 semidiametro
1828 3795 1986 3857 GK
2020 3796 2336 3857 bisectum.
2461 3793 2548 3855 Et
2590 3794 2641 3854 si
