2852 4250
160 121 180 161 1
197 120 276 177 24
971 99 1087 148 DE
1120 98 1348 150 MOTU
1390 97 1696 150 CORPOR
1707 97 1822 148 UM

145 280 475 329 sumantur
524 264 830 328 linearum
891 263 1283 326 nascentium
1342 264 1512 337 DE,
1566 264 1724 338 IN,
1778 264 1928 336 JK,
1983 265 2035 326 l
2061 265 2131 338 T,
2599 274 2643 315 A

144 368 232 429 Ν
260 368 325 429 Τ
359 368 633 429 rationes
687 363 933 449 primae)
982 377 1132 426 sunt
1183 377 1253 426 ut
1305 361 1472 425 linea
1522 364 1694 437 DE,
1741 364 1787 425 l
1821 364 1918 427 T:
1971 377 2129 426 tem-

145 469 404 550 poribus
464 481 677 549 autem
732 465 1146 548 inaequalibus
1192 478 1262 526 ut
1321 464 1504 526 lineae
1559 462 1680 526 illae
1735 465 1797 526 &
1843 478 2134 547 tempora
2589 460 2636 500 V

146 569 543 652 conjunctim.
683 567 1008 648 Tempora
1080 578 1293 626 autem
1355 565 1584 646 quibus
1643 565 1816 626 DE
1873 565 1934 627 &
1986 567 2142 628 JK
2335 481 2581 848 Δ
2632 654 2644 663 l

146 649 602 743 describuntur,
681 667 764 729 ob
850 663 1279 747 aequalitatem
1354 662 1763 725 velocitatum
1838 679 1988 727 sunt
2062 680 2133 728 ut

2589 785 2629 824 ῐ)

146 768 269 830 viae
343 768 677 848 descriptae
749 754 922 826 DE
1007 763 1069 825 ἃ
1140 764 1301 836 JK,
1381 763 1655 845 ideoque
1729 763 2129 829 acceleratio-

148 891 260 931 nes
313 869 375 930 in
429 890 611 930 cursu
665 887 1000 947 corporum
1049 886 1165 946 per
1215 864 1413 927 lineas
1465 866 1632 926 DE
1681 864 1743 927 ἃ
1794 867 1949 940 JK,
1983 882 2134 930 sunt

146 983 215 1031 ut
272 969 438 1030 DE
492 967 553 1029 &
611 967 756 1038 lT,
811 966 977 1026 DE
1026 964 1088 1025 &
1138 965 1286 1025 [Κ
1326 965 1728 1048 conjunctim,
1786 966 1850 1027 id
1904 981 2003 1030 est
2062 982 2133 1031 ut
2585 962 2623 1003 Ε

145 1069 289 1129 DE
310 1067 493 1149 quad.
533 1066 594 1128 &
622 1067 748 1126 [Τ
764 1086 803 1126 ><
827 1065 958 1125 [Κ
981 1066 1429 1147 rectangulum.
1526 1065 1660 1127 Sed
1693 1070 2132 1151 rectangulum

142 1170 192 1230 [
219 1169 284 1229 T
296 1189 336 1229 ><
358 1169 408 1229 l
421 1168 504 1229 K
548 1164 792 1249 aequale
845 1178 944 1226 est
987 1165 1139 1226 IN
1184 1165 1511 1247 quadram,
1547 1165 1668 1229 hoc
1721 1182 1835 1242 est,
1884 1170 2132 1252 aequale

143 1274 306 1334 DE
330 1272 512 1354 quad.
549 1271 611 1333 &
655 1283 993 1352 propterea
1037 1267 1524 1332 accelerationes
1572 1271 1634 1332 in
1683 1273 1949 1336 transitu
1997 1298 2130 1339 cor-

142 1395 366 1454 porum
426 1395 464 1433 a
514 1372 586 1433 D
645 1370 706 1432 8ε
764 1372 814 1431 J
865 1369 947 1431 ad
1006 1370 1077 1429 E
1135 1368 1196 1430 &
1254 1370 1338 1430 K
1389 1369 1668 1452 aequales
1726 1390 2128 1456 generantur.

144 1471 458 1554 AEquales
491 1472 681 1554 igitur
710 1483 857 1532 sunt
902 1490 1234 1549 corporum
1279 1467 1649 1533 velocitates
1698 1473 1760 1533 in
1806 1475 1878 1535 E
1922 1475 1983 1537 8c
2014 1478 2134 1542 K:
2181 1460 2228 1517 se

144 1574 206 1635 ἃ
264 1573 490 1635 eodem
550 1583 925 1654 argumento
977 1591 1232 1650 semper
1284 1571 1680 1652 reperientur
1733 1575 2014 1657 aequales
2070 1579 2131 1640 in

141 1675 672 1758 subsequentibus
704 1671 1053 1755 aequalibus
1085 1672 1417 1736 distantiis,
1515 1675 1591 1751 Q.
1616 1677 1697 1740 E.
1719 1678 1804 1742 D.
2591 1712 2626 1753 c

255 1776 388 1838 Sed
421 1776 481 1837 ἃ
513 1774 739 1838 eodem
771 1786 1147 1856 argumento
1179 1796 1444 1856 corpora
1489 1777 1907 1859 aequivelocia
1953 1781 2014 1844 &
2059 1786 2393 1869 aequaliter
2436 1812 2475 1851 a
2505 1812 2648 1854 cen-

138 1892 236 1940 tro
267 1877 581 1949 distantia,
617 1877 679 1937 in
712 1896 977 1937 ascensu
1024 1875 1105 1936 ad
1153 1876 1432 1958 aequales
1478 1878 1812 1943 distantias
1858 1883 2191 1966 aequaliter
2234 1890 2646 1954 retardabun-

140 1993 255 2040 tur.
354 1978 428 2053 Q.
454 1978 536 2039 E.
562 1978 647 2039 D.

260 2078 457 2140 Corol.
504 2099 550 2140 1.
609 2077 781 2139 Hinc
826 2078 879 2139 si
933 2099 1161 2160 corpus
1207 2079 1309 2142 vel
1357 2081 1679 2147 oscilletur
1722 2087 2013 2167 pendens
2059 2113 2098 2152 a
2144 2090 2266 2167 filo,
2301 2091 2404 2156 vel
2451 2093 2648 2177 impe-

136 2179 418 2241 dimento
451 2179 677 2260 quovis
723 2177 1099 2260 politissimo
1146 2180 1207 2242 &
1252 2182 1532 2262 perfecte
1578 2182 1820 2250 lubrico
1865 2204 2131 2274 cogatur
2184 2193 2246 2255 in
2300 2191 2468 2257 linea
2513 2218 2649 2258 cur-

136 2302 219 2341 va
277 2280 533 2352 moveri,
591 2279 652 2341 &
711 2302 938 2361 corpus
992 2280 1163 2344 aliud
1217 2298 1390 2346 recta
1448 2288 1756 2351 ascendat
1814 2290 1918 2353 vel
1973 2293 2339 2371 descendat,
2394 2299 2651 2381 sintque

137 2378 504 2441 velocitates
564 2402 782 2442 eorum
844 2382 906 2442 in
968 2383 1194 2445 eadem
1250 2408 1630 2470 quacunque
1685 2388 2019 2456 altitudine
2072 2396 2396 2478 aequales:
2465 2413 2652 2463 erunt

135 2479 501 2542 velocitates
576 2503 794 2543 eorum
870 2482 931 2543 in
1007 2483 1146 2547 aliis
1224 2488 1708 2572 quibuscunque
1782 2494 2137 2576 aequalibus
2212 2497 2652 2564 altitudinibus

137 2581 429 2663 aequales,
528 2582 829 2664 Namque
860 2585 1140 2665 corporis
1186 2589 1446 2669 penduli
1481 2590 1587 2654 filo
1618 2591 1721 2655 vel
1770 2594 2230 2677 impedimento
2261 2601 2432 2663 vasis
2464 2602 2648 2666 abso-

135 2679 264 2742 lute
316 2680 533 2742 lubrici
587 2682 755 2743 idem
803 2698 1140 2764 praestatur
1190 2692 1364 2771 quod
1424 2693 1487 2754 vi
1538 2706 1903 2759 transversa
1951 2698 2039 2760 N
2077 2701 2145 2765 T.
2269 2702 2520 2785 Corpus
2572 2726 2652 2767 eo

141 2802 267 2842 non
321 2783 687 2856 retardatur,
745 2806 871 2846 non
920 2787 1318 2865 acceleratur,
1367 2794 1483 2856 sed
1530 2807 1780 2859 tantum
1840 2800 2089 2884 cogitur
2140 2802 2224 2866 de
2277 2826 2463 2867 cursu
2516 2828 2646 2869 rec-

142 2880 357 2942 tilineo
390 2882 732 2946 discedere.

263 2982 462 3044 Corol.
504 3004 557 3044 2.
614 2984 787 3046 Hinc
818 2986 1009 3049 etiam
1040 2989 1092 3050 si
1135 2994 1456 3072 quantitas
1494 2997 1541 3057 P
1574 2997 1657 3059 sit
1687 2999 1968 3063 maxima
2011 3025 2051 3064 a
2081 3017 2299 3068 centro
2330 3006 2647 3083 distantia,

141 3080 224 3142 ad
256 3103 447 3162 quam
480 3105 706 3165 corpus
737 3085 839 3147 vel
886 3087 1177 3151 oscillans
1223 3092 1326 3155 vel
1375 3095 1436 3157 in
1483 3099 1847 3181 trajectoria
1878 3125 2259 3188 quacunque
2290 3107 2646 3183 revolvenS,

141 3182 350 3263 deque
398 3184 625 3264 quovis
674 3187 1045 3268 trajectoriae
1098 3206 1349 3271 punctO,
1405 3218 1483 3261 ea
1527 3220 1719 3280 quam
1752 3201 1836 3263 ibi
1884 3202 2078 3267 habet
2124 3204 2463 3272 velocitate
2514 3230 2650 3271 sur·

142 3384 311 3464 poris
343 3406 382 3444 a
427 3398 641 3447 centro
691 3385 752 3447 in
802 3385 924 3449 alio
974 3391 1202 3469 quovis
1251 3395 1472 3458 orbitae
1523 3415 1773 3479 puncto,
1828 3403 1889 3464 &
1938 3405 2036 3467 vis
2085 3408 2438 3491 centripeta
2484 3431 2647 3472 sem-

141 3504 256 3563 per
307 3483 388 3545 sit
435 3497 504 3545 ut
557 3485 752 3565 ipsius
805 3487 870 3548 A
925 3488 1201 3571 dignitas
1248 3494 1548 3575 quaelibet
1602 3500 1778 3575 Pin-¹,
1831 3506 2009 3588 cujus
2064 3507 2256 3571 index
2316 3532 2482 3572 n—1
2551 3525 2651 3574 est

143 3604 441 3645 numerus
502 3584 766 3666 quilibet
823 3610 867 3648 n
920 3590 1160 3652 unitate
1220 3593 1602 3674 diminutus;
1672 3601 1975 3667 velocitas
2025 3610 2306 3691 corporis
2358 3613 2423 3675 in
2476 3617 2651 3679 omni

141 3680 473 3745 altitudine
516 3684 579 3745 A
623 3686 741 3748 erit
781 3701 852 3750 ut
895 3689 968 3768 ss
991 3692 1265 3767 Pn—An,
1300 3708 1491 3777 atque
1525 3699 1669 3761 ideo
1701 3702 1902 3767 datur.
2010 3707 2313 3794 Namque
2343 3714 2648 3780 velocitas

142 3797 314 3846 recta
356 3785 758 3849 ascendentis
805 3812 878 3852 ac
930 3791 1378 3857 descendentis
1430 3795 1569 3879 (per
1614 3822 1786 3883 prop.
1843 3808 2081 3891 XXXIX)
2118 3826 2217 3874 est
2263 3814 2325 3876 in
2359 3816 2477 3880 hac
2508 3819 2648 3901 ipsa

142 3898 397 3947 ratlone.
