2852 4250
156 145 282 222 408
958 146 1077 197 DE
1108 146 1188 198 M
1188 146 1391 199 UNDI
1422 147 1469 199 S
1478 146 1783 199 YSTEMA
1792 147 1891 198 TE

963 368 1746 433 HYPOTHESIS
1830 369 1877 434 I.

749 523 1054 585 Centrum
1082 520 1427 603 systematis
1455 519 1775 582 mundani
1796 519 2105 603 quiescere.

291 678 441 741 Hoc
488 678 571 740 ab
619 677 917 740 omnibus
962 697 1337 738 concessum
1399 688 1514 748 est,
1564 674 1720 736 dum
1766 673 1962 758 aliqui
2007 688 2259 751 terram,
2314 674 2420 739 alii
2480 675 2683 741 solem
2788 711 2790 713 ·

170 777 233 839 in
294 791 512 840 centro
571 777 937 860 systematis
998 776 1325 859 quiescere
1385 776 1794 840 contendant.
1905 776 2260 840 Videamus
2320 778 2476 860 quid
2537 778 2687 842 inde

171 892 488 962 sequatur.

521 1104 1167 1168 PROPOSITIO
1248 1105 1387 1171 XI.
1501 1058 2342 1171 THEOREMA-XI.

288 1260 630 1323 Commune
655 1269 940 1323 centrum
957 1261 1313 1345 gravz'tatzs
1342 1269 1545 1336 terrae,
1577 1262 1726 1326 solis
1758 1264 2276 1346 &planetarum
2304 1264 2589 1327 omnium

1293 1378 1602 1460 quiescere.

296 1533 471 1595 Nam
533 1547 819 1596 centrum
870 1533 1022 1596 illud
1081 1534 1222 1619 (per
1272 1533 1489 1620 legum
1536 1534 1722 1599 corol.
1771 1534 1861 1620 1v)
1913 1535 2017 1599 vel
2067 1536 2354 1620 quiescet
2397 1534 2501 1600 vel
2547 1531 2723 1619 pro-'

173 1635 500 1717 gredietur
543 1636 941 1699 uniformiter
986 1637 1048 1698 in
1095 1637 1423 1700 directum.
1520 1638 1655 1700 Sed
1702 1651 1920 1701 centro
1975 1636 2080 1701 illo
2133 1661 2388 1721 semper
2431 1660 2691 1723 progre-

177 1736 395 1799 diente
426 1750 713 1800 centrum
746 1738 967 1799 mundi
1000 1760 1259 1821 quoque
1291 1739 1658 1802 movebitur
1687 1751 1908 1802 contra
1939 1739 2341 1823 hypothesin.

501 1983 1149 2047 PROPOSITIO
1202 1984 1389 2047 XII.
1517 1982 2143 2046 THEOREMA
2196 1982 2376 2046 XII.

229 2138 438 2200 Solem
467 2147 639 2201 motu
653 2147 956 2222 perpetuo
985 2140 1246 2223 agy'tarz',
1274 2140 1384 2203 sed
1404 2162 1734 2223 nunquam
1765 2141 1945 2223 longe
1971 2139 2238 2202 recedere
2261 2161 2303 2201 a
2332 2138 2652 2201 communi

750 2257 1106 2339 gravz'tatzs
1133 2265 1341 2319 centro
1354 2258 1774 2340 planetarum
1804 2257 2102 2319 omnium.

301 2411 475 2473 Nam
509 2434 652 2474 cum
692 2411 832 2494 (per
862 2411 1050 2475 corol.
1091 2435 1122 2475 2
1160 2436 1339 2496 prop.
1376 2412 1519 2497 vm)
1556 2413 1822 2475 materia
1846 2413 1909 2474 in
1955 2411 2091 2476 sole
2122 2412 2205 2474 sit
2234 2411 2317 2476 ad
2365 2410 2697 2474 materiam

178 2512 241 2574 in
264 2514 420 2597 jove
451 2528 522 2576 ut
563 2520 722 2594 1067
755 2514 838 2576 ad
895 2537 944 2591 1,
981 2515 1044 2577 &
1089 2515 1393 2576 distantia
1428 2514 1602 2597 jovis
1630 2536 1670 2575 a
1713 2513 1848 2576 sole
1893 2514 1976 2576 sit
2020 2514 2104 2576 ad
2149 2513 2695 2576 semidiametrum
2802 2537 2806 2563 τ

178 2617 329 2680 solis
375 2618 439 2679 in
487 2620 731 2681 ratione
785 2618 976 2701 paulo
1025 2620 1265 2703 majore
1292 2645 1304 2694 ;
1355 2619 1591 2680 incidet
1642 2641 1981 2681 commune
2025 2628 2343 2682 centrum'
2359 2618 2695 2702 gravitatis
2800 2609 2808 2699 j

171 2718 344 2801 jovis
400 2718 461 2780 &
513 2719 664 2782 solis
726 2721 788 2782 in
843 2734 1151 2802 punctum
1205 2718 1398 2802 paulo
1451 2742 1645 2801 supra
1696 2718 2097 2800 superficiem
2151 2718 2319 2781 solis,
2440 2718 2695 2780 Eodem

117 2902 120 2905 ι
181 2834 559 2903 argumento
592 2844 735 2882 cum
783 2823 1051 2884 materia
1097 2823 1160 2884 in
1207 2820 1341 2884 sole
1386 2822 1470 2883 sit
1513 2822 1596 2883 ad
1643 2821 1974 2883 materiam
2008 2820 2071 2881 in
2115 2833 2376 2881 saturno
2408 2832 2481 2880 ut
2527 2838 2687 2898 3021

180 2921 264 2982 ad
306 2943 352 2994 1,
389 2922 450 2983 &
481 2923 782 2985 distantia
813 2924 1054 2986 saturni
1087 2946 1126 2984 a
1155 2922 1290 2985 sole
1321 2923 1404 2984 sit
1434 2923 1516 2984 ad
1554 2923 2099 2985 semidiametrum
2145 2920 2295 2984 solis
2342 2921 2405 2982 in
2452 2921 2699 2983 ratione
2798 2994 2804 3002 .

179 3024 371 3107 paulo
416 3027 704 3090 minore:
753 3027 988 3089 incidet
1032 3047 1371 3089 commune
1419 3039 1707 3087 centrum
1759 3024 2094 3108 gravitatis
2141 3023 2382 3086 saturni
2436 3022 2499 3084 &
2546 3019 2698 3083 solis

184 3127 248 3187 in
281 3141 585 3207 punctum
619 3127 808 3209 paulo
841 3129 1001 3189 infra
1032 3127 1435 3209 superficiem
1467 3125 1632 3190 solis,
1729 3126 1819 3187 Et
1849 3125 2137 3208 ejusdem
2162 3122 2382 3186 calculi
2406 3122 2695 3206 vestigiis

183 3227 535 3290 insistendo
566 3229 618 3289 si
664 3241 831 3290 terra
878 3229 939 3291 ἃ
984 3228 1259 3310 planetae
1291 3250 1515 3291 omnes
1561 3250 1643 3290 ex
1674 3249 1802 3289 una
1832 3225 1983 3288 solis
2029 3238 2210 3308 parte
2255 3225 2692 3300 consisterent,

185 3349 523 3389 commune
576 3329 860 3390 omnium
913 3343 1199 3390 centrum
1251 3328 1585 3411 gravitatis
1630 3327 1742 3389 vix
1796 3327 2045 3409 integr-a
2091 3324 2242 3388 solis
2291 3325 2604 3387 diametro
2655 3346 2696 3386 a

184 3441 404 3490 centro
457 3427 607 3489 solis
661 3429 940 3491 distaret.
1055 3428 1221 3490 Aliis
1277 3430 1338 3490 in
1385 3429 1636 3491 casibus
1682 3427 1985 3489 distantia
2029 3440 2389 3488 centrorum
2441 3446 2698 3506 semper

182 3529 391 3591 minor
441 3542 554 3591 est.
682 3530 773 3591 Et
831 3542 1184 3611 propterea,
1234 3552 1378 3592 cum
1438 3544 1725 3592 centrum
1787 3527 1939 3591 illud
1991 3527 2324 3611 gravitatis
2384 3538 2695 3608 perpetuo

182 3628 466 3711 quiescit,
501 3627 594 3691 sol
627 3651 743 3711 pro
773 3629 952 3691 vario
982 3628 1379 3710 planetarum
1412 3630 1536 3691 situ
1571 3631 1632 3691 in
1675 3651 1899 3692 omnes
1930 3641 2144 3710 partes
2176 3626 2552 3699 movebitur,
2578 3624 2694 3687 sed

180 3752 220 3791 a
250 3743 467 3792 centro
499 3728 604 3792 illo
636 3751 963 3811 nunquam
994 3727 1184 3811 longe
1216 3729 1486 3790 recedet.

305 3832 507 3894 Corol.
572 3831 749 3893 Hinc
802 3852 1141 3893 commune
1185 3830 1520 3913 gravitatis
1570 3843 1857 3893 centrum
1905 3843 2107 3905 terrae,
2154 3829 2306 3893 solis
2360 3829 2423 3892 &
2474 3828 2690 3912 plane-

178 3946 384 3995 tarum
431 3933 715 3995 omnium
764 3955 880 4015 pro
929 3945 1147 3995 centro
1194 3931 1414 3993 mundi
1468 3931 1836 3994 habendum
1890 3945 2002 3996 est.
2099 3931 2274 3994 Nam
2320 3952 2464 3993 cum
2509 3943 2695 4008 terra,
