2852 4250
189 115 312 189 376
1010 114 1126 164 DE
1161 113 1400 165 MOTU
1431 111 1873 163 CORPORUM

306 280 508 342 Corol.
563 301 614 344 2.
663 280 736 343 Si
811 280 1076 342 fluidum
1152 281 1214 341 in
1290 299 1445 340 vase
1519 275 1865 359 cylindrico
1938 274 2354 360 longitudinis
2427 279 2690 345 infinitae

184 380 598 454 contineatur,
626 380 688 442 &
718 379 1071 462 cylindrum
1103 378 1295 441 alium
1329 377 1694 439 interiorem
1724 376 2061 450 contineat,
2088 376 2455 442 revolvatur
2475 393 2691 444 autem

183 479 506 564 cylindrus
565 494 836 562 uterque
911 481 1074 542 circa
1146 499 1334 540 axem
1409 497 1829 549 communem,
1892 477 2148 559 sintque
2222 478 2690 543 revolutionum

182 594 474 663 tempora
503 593 574 642 ut
604 581 885 661 ipsorum
917 577 1390 652 semidiametri,
1418 575 1480 637 &
1509 589 1880 657 perseveret
1903 576 2079 639 fluidi
2111 600 2258 660 pars
2289 600 2692 663 unaquaeque

183 682 246 743 in
279 694 455 743 motu
487 702 603 742 suo
633 704 644 742 ε
682 693 869 741 erunt
899 678 1171 760 partium
1205 676 1597 760 singularum
1629 690 1921 759 tempora
1951 678 2273 759 periodica
2310 693 2382 742 ut
2411 681 2691 763 ipsarum

182 780 502 843 distantiae
533 780 614 840 ab
644 801 765 840 axe
797 777 1238 858 cylindrorum.

303 879 501 942 Corol.
556 898 608 957 3.
661 877 732 939 Si
764 875 1050 958 cylindro
1083 874 1144 936 &
1176 874 1373 938 fluido
1418 875 1501 937 ad
1549 875 1717 937 hunc
1754 877 2017 939 modum
2049 878 2239 940 motis
2269 878 2544 942 addatur
2586 879 2690 943 vel

178 979 499 1043 auferatur
550 977 903 1040 communis
953 974 1219 1058 quilibet
1272 989 1484 1038 motus
1544 974 1866 1060 angularis
1894 1002 1906 1051 ;
1977 979 2278 1059 quoniam
2339 979 2460 1042 hoc
2520 1002 2692 1044 novo

178 1093 354 1143 motu
409 1101 537 1141 non
591 1091 872 1139 mutatur
923 1077 1174 1139 attritus
1228 1090 1486 1139 mutuus
1539 1078 1814 1159 partium
1861 1078 2054 1152 fluidi,
2103 1100 2230 1141 non
2278 1081 2697 1144 mutabuntur

177 1194 387 1243 motus
446 1179 720 1261 partium
775 1178 939 1239 inter
990 1199 1076 1239 se.
1206 1177 1380 1239 Nam
1440 1177 1886 1241 translationes
1946 1180 2221 1261 partium
2280 1182 2363 1243 ab
2417 1183 2690 1246 invicem

174 1281 461 1363 pendent
490 1280 572 1341 ab
603 1278 834 1342 attritu.
934 1277 1088 1338 Pars
1121 1276 1424 1359 quaelibet
1449 1279 1512 1340 in
1537 1301 1616 1341 eo
1639 1280 2076 1361 perseverabit
2098 1293 2292 1355 motu,
2320 1282 2445 1364 qui,
2471 1284 2689 1346 attritu
2742 1271 2753 1282 ”

175 1381 471 1462 utrinque
532 1380 594 1441 in
656 1377 1002 1441 contrarias
1062 1390 1277 1459 partes
1338 1378 1523 1452 fact0‚
1587 1401 1714 1442 non
1776 1379 1981 1463 magis
2041 1378 2428 1444 acceleratur
2496 1404 2690 1465 quam

176 1481 547 1543 retardatur.
606 1525 610 1529 Δ

298 1580 497 1643 Corol.
548 1601 605 1658 4.
662 1579 860 1642 Unde
908 1580 961 1641 si
1010 1579 1126 1642 toti
1177 1578 1605 1662 cylindrorum
1655 1580 1718 1643 &
1766 1581 1943 1643 fluidi
1991 1582 2323 1663 systemati
2372 1582 2693 1647 auferatur

174 1694 385 1743 motus
434 1682 639 1743 omnis
688 1678 1009 1763 angularis
1059 1678 1327 1761 cylindri
1376 1681 1724 1755 exterioriS,
1758 1681 2097 1744 habebitur
2145 1696 2356 1745 motus
2403 1684 2578 1747 fluidi
2626 1686 2688 1747 in

174 1780 460 1864 cylindro
491 1782 874 1863 quiescente.

297 1883 497 1943 Corol.
554 1900 606 1961 5.
663 1881 868 1963 Igitur
941 1880 994 1943 si
1071 1882 1267 1944 fluido
1344 1881 1406 1944 &
1466 1880 1753 1964 cylindro
1813 1885 2128 1947 exteriore
2199 1885 2688 1967 quiescentibus,

174 1981 541 2045 revolvatur
598 1980 920 2063 cylindrus
988 1982 1249 2045 interior
1321 1983 1756 2059 uniformiter;
1833 1986 2404 2048 communicabitur
2475 2001 2689 2051 motus

173 2082 488 2144 circularis
537 2083 749 2155 fluido,
800 2081 862 2144 &
912 2082 1216 2164 paulatim
1268 2106 1383 2165 per
1435 2098 1640 2147 totum
1703 2085 1968 2146 fluidum
2016 2087 2510 2170 propagabitur;
2573 2109 2690 2151 nec

172 2185 346 2266 prius
395 2184 645 2246 desinet
693 2184 913 2267 augeri
963 2206 1157 2265 quam
1218 2185 1395 2247 fluidi
1449 2199 1665 2267 partes
1725 2184 1994 2270 singulae
2057 2200 2302 2250 motum
2363 2187 2693 2252 corollario

173 2298 400 2367 quarto
431 2285 763 2347 definitum
796 2284 1143 2366 acquirant.

294 2387 498 2454 Corol.
550 2392 605 2449 6.
662 2387 752 2448 Et
782 2386 1086 2468 quoniam
1136 2386 1403 2448 fluidum
1435 2399 1702 2449 conatur
1748 2400 1994 2449 motum
2027 2409 2214 2448 suum
2263 2387 2473 2450 adhuc
2503 2387 2691 2450 latius

172 2508 544 2569 propagare,
594 2487 783 2570 hujus
831 2487 1073 2568 impetu
1121 2487 1588 2570 circumagetur
1632 2488 1824 2550 etiam
1872 2486 2196 2570 cylindrus
2249 2489 2527 2552 exterior
2571 2490 2691 2551 nisi

173 2584 486 2648 violenter
516 2587 850 2662 detentus;
900 2587 962 2648 &
993 2586 1447 2649 accelerabitur
1492 2588 1628 2670 ejus
1675 2601 1887 2650 motus
1919 2589 2134 2670 quoad
2167 2611 2371 2671 usque
2403 2603 2693 2672 tempora

174 2684 498 2766 periodica
546 2685 809 2768 cylindri
860 2688 1191 2769 utriusque
1241 2700 1577 2768 aequentur
1624 2688 1789 2750 inter
1834 2711 1921 2751 se.
2019 2689 2215 2768 Quod
2265 2674 2317 2751 si
2372 2689 2692 2773 cylindrus

174 2787 451 2848 exterior
502 2788 814 2849 violenter
865 2788 1241 2861 detineatur,
1299 2789 1634 2850 conabitur
1687 2789 1739 2850 is
1800 2804 2047 2852 motum
2102 2790 2279 2851 fluidi
2334 2790 2692 2865 retardare;

176 2885 237 2946 &
297 2887 415 2947 nisi
477 2887 795 2968 cylindrus
858 2889 1118 2951 interior
1190 2889 1255 2950 vi
1330 2888 1543 2970 aliqua
1617 2890 2011 2952 extrinsecus
2073 2891 2384 2973 impressa
2442 2905 2687 2954 motum

177 2984 352 3047 illum
385 3002 735 3060 conservet,
769 2989 999 3051 efficiet
1029 3003 1100 3051 ut
1132 2989 1301 3051 idem
1334 2989 1639 3071 paulatim
1677 3004 1899 3053 cesset.

294 3087 460 3166 Quae
492 3090 705 3155 omnia
737 3090 799 3151 in
831 3099 998 3172 aq'ua
1031 3091 1348 3172 profunda
1379 3104 1719 3175 stagnante
1749 3092 2022 3174 experiri
2054 3091 2215 3155 licet.

2843 2403 2852 2636 ..μη-«ι..-
2841 2339 2852 2386 -ι-ι·
2842 2308 2845 2315 -
2848 2112 2852 2114 ,
2832 2073 2835 2078 ”
2849 2036 2852 2037 ,
2846 1996 2852 2003 .
2840 1935 2852 1962 'A
2846 1857 2852 1886 .-

2823 2841 2828 2853 ¹
2849 2813 2852 2880 1

2825 2902 2829 2950 j
2850 2907 2852 2931 ζ

2823 2977 2830 3035 3
2850 2990 2852 2994 Α

2820 3060 2852 3142 ἵ
