2846 4224
179 137 375 199 xxviii
813 180 815 185 .
1003 136 1386 188 EDITORIS
1414 135 1694 187 PRAEFA
1704 136 1789 187 TI
1785 137 1844 187 0.

179 319 321 368 tura
350 329 480 380 sua,
514 307 678 369 circa
707 305 907 370 solem
940 306 1183 368 moveri
1217 304 1279 367 &
1309 305 1624 367 sectiones
1656 299 1907 366 conicas
1938 303 2336 379 describere;
2383 301 2492 387 qui
2538 327 2694 369 sane

181 422 391 471 motus
423 407 625 470 multo
669 406 912 469 facilius
959 406 1204 488 concipi
1249 417 1480 487 potest,
1515 426 1708 486 quam
1740 402 2086 466 consimilis
2133 417 2346 466 motus
2377 405 2694 468 vorticum

180 531 251 571 se
297 503 579 571 invicem‘
615 508 1092 591 permeantium.
1189 506 1490 587 Denique
1537 504 1825 586 planetas
1876 505 2048 586 ipsos
2097 504 2158 566 &
2203 517 2486 566 cometas
2531 506 2700 569 circa

152 609 382 677 ,solem
442 610 672 673 deferri
733 610 814 671 ab
867 607 1308 688 atmosphaeris
1362 606 1492 667 suis
1546 605 1936 667 credendum
1990 626 2132 667 esse
2185 617 2439 677 statuat,
2496 604 2558 667 &
2610 606 2696 668 ob

183 727 465 794 repertas
499 726 784 775 motuum
817 709 1163 773 caelestium
1195 730 1416 770 causas
1450 707 1840 788 triumphum
1871 720 2038 790 agat.
2135 706 2447 787 Quisquis
2478 720 2695 771 autem

182 812 345 874 hanc
375 811 653 874 fabulam
686 811 1091 895 rejiciendam
1123 831 1265 871 esse
1296 821 1492 890 putet,
1528 809 1697 869 idem
1726 807 1787 869 &2
1817 806 2081 869 alteram
2113 807 2391 869 fabulam
2425 809 2694 892 rejiciet:

184 935 331 974 nam
385 935 579 975 ovum
633 935 760 975 non
806 925 905 974 est
948 931 1071 974 ovo
1116 909 1398 986 similius,
1448 932 1641 992 quam
1695 909 2069 991 hypothesis
2122 910 2695 992 atmosphaerarum

185 1013 525 1094 hypothesi
558 1014 884 1076 vorticum.

303 1114 542 1175 Docuit
578 1114 886 1176 Galz'lceus
929 1112 1157 1195 lapidis
1203 1112 1466 1196 projecti
1515 1112 1576 1173 ἃ
1623 1112 1685 1172 in
1733 1110 2035 1192 parabola
2083 1113 2238 1175 moti
2270 1112 2696 1175 deflexionem

183 1239 222 1276 a
267 1238 451 1277 cursu
498 1215 820 1278 rectilineo
866 1216 1011 1277 oriri
1058 1238 1096 1276 a
1138 1215 1455 1298 gravitate
1501 1213 1730 1294 lapidis
1777 1213 1839 1274 in
1888 1227 2138 1286 terram,
2173 1214 2255 1275 ab
2301 1212 2549 1276 occulta
2579 1215 2697 1276 sci-

145 1315 329 1378 'licet
361 1316 680 1398 qualitate.
797 1317 966 1378 Fieri
1020 1329 1235 1377 tamen
1290 1327 1504 1396 potest
1556 1327 1626 1374 ut
1678 1312 1837 1374 alius
1891 1313 2137 1396 aliquis,
2191 1314 2328 1375 nasi
2381 1314 2696 1388 acutioriS,

183 1416 597 1499 philosophus
644 1440 899 1479 causam
946 1416 1132 1478 aliam
1183 1416 1706 1479 comminiscatur.
1822 1415 1875 1476 F
1881 1415 2059 1497 inget
2104 1415 2296 1497 igitur
2341 1414 2443 1477 ille
2497 1429 2696 1478 mate-
2776 1413 2804 1433 ⁵

131 1587 135 1590 ,
184 1517 341 1578 riam
388 1518 708 1599 quandam
755 1517 1067 1591 subtilem,
1116 1539 1261 1598 quae
1323 1539 1440 1578 nec
1485 1517 1626 1578 visu
1683 1538 1798 1577 nec
1847 1529 2018 1577 tactu
2066 1537 2278 1597 neque
2326 1514 2455 1579 ullo
2502 1538 2696 1578 sensu

182 1622 539 1703 percipitur,
601 1622 841 1684 versari
902 1621 964 1682 in
1026 1620 1391 1703 regionibus
1452 1642 1597 1701 quae
1658 1619 1947 1701 proxime
2013 1620 2394 1702 contingunt
2453 1618 2694 1682 telluris

182 1724 595 1805 superficiem.
719 1723 909 1784 Hanc
961 1735 1174 1783 autem
1230 1722 1575 1793 materiam,
1634 1722 1696 1782 in
1750 1721 2038 1782 diversas
2087 1719 2327 1804 plagaS,
2392 1721 2578 1782 variis
2634 1721 2696 1784 &

181 1823 554 1906 plerumque
607 1825 933 1886 contrariis
971 1813 1264 1884 ⁴motibus
1317 1822 1482 1897 ferri,
1533 1821 1594 1883 &
1639 1820 1837 1883 lineas
1892 1821 2285 1904 parabolicas
2334 1821 2696 1892 describere

183 1926 541 1987 contendet.
643 1926 897 1987 Deinde
929 1945 1083 1985 vero
1128 1921 1355 2004 lapidis
1389 1922 1814 1984 deflexionem
1863 1922 2125 2004 pulchre
2158 1923 2246 1984 sic
2278 1922 2595 2004 expediet,
2632 1922 2695 1984 &

182 2025 357 2109 vulgi
405 2026 695 2107 plausum
744 2026 1103 2087 merebitur.
1205 2025 1417 2106 Lapis,
1453 2025 1711 2106 inquiet,
1747 2025 1810 2085 in
1858 2024 2054 2086 fluido
2102 2022 2207 2086 illo
2254 2022 2468 2085 subtili
2516 2037 2696 2086 natat

183 2126 244 2188 &
276 2128 481 2188 cursui
514 2129 649 2210 ejus
695 2126 1127 2208 obsequendO,
1163 2147 1287 2186 non
1335 2138 1548 2206 potest
1594 2146 1720 2187 non
1768 2125 2040 2187 eandem
2083 2146 2211 2186 una
2255 2124 2548 2186 semitam
2582 2124 2692 2187 de-

180 2228 468 2289 scribere.
568 2226 869 2289 Fluidum
901 2249 1055 2289 vero
1088 2240 1383 2289 movetur
1427 2227 1490 2287 in
1538 2225 1718 2287 lineis
1750 2225 2162 2307 parabolicis;
2211 2247 2366 2308 ergo
2411 2225 2694 2307 lapidem

181 2328 243 2389 in
297 2328 597 2409 parabola
651 2329 892 2390 moveri
947 2350 1207 2389 necesse
1261 2341 1373 2390 est.
1472 2326 1636 2406 Quis
1684 2349 1850 2388 nunc
1905 2350 2031 2390 non
2082 2328 2413 2389 mirabitur
2463 2329 2692 2391 acutis-

179 2429 409 2489 simum
463 2430 723 2512 hujusce
777 2428 1136 2511 philosophi
1192 2429 1533 2512 ingenium,
1585 2452 1664 2491 ex
1719 2429 1924 2509 causis
1979 2429 2378 2502 mechaniciS‚
2427 2430 2694 2492 materia

179 2527 413 2590 scilicet
447 2529 507 2590 &
539 2543 731 2602 motu,
767 2530 1191 2611 phaenomena
1236 2544 1478 2592 naturae
1525 2531 1607 2591 ad
1654 2529 1830 2613 vulgi
1877 2530 2068 2591 etiam
2101 2542 2356 2610 captum
2389 2528 2693 2610 praeclare

180 2629 602 2691 deducentis?
694 2630 857 2709 Quis
888 2654 1042 2693 vero
1075 2632 1201 2693 no'n
1233 2631 1650 2692 subsannabit
1694 2631 1933 2693 bonum
1976 2628 2150 2691 illum
2188 2630 2547 2704 Galz'loeum,
2582 2632 2692 2713 qui

182 2752 417 2812 magno
463 2730 786 2792 molimine
832 2732 1283 2793 mathematico
1329 2730 1667 2813 qualitates
1699 2731 1993 2805 occultaS,
2028 2753 2064 2792 e
2110 2730 2514 2812 philosophia
2558 2731 2691 2794 feli-

183 2832 337 2893 citer
367 2830 673 2908 exclusaS,
709 2832 922 2894 denuo
954 2854 1254 2894 revocare
1285 2831 1705 2893 sustinuerit?
1796 2832 1930 2894 Sed
1976 2832 2177 2913 pudet
2223 2832 2408 2915 nugis
2456 2832 2694 2895 diutius

184 2933 518 2994 immorari.

299 3033 566 3094 Summa
612 3035 701 3095 rei
747 3034 869 3096 huc
918 3035 1178 3097 tandem
1233 3036 1441 3099 redit:
1489 3050 1879 3098 cometarum
1934 3038 2159 3121 ingens
2205 3050 2306 3099 est
2357 3058 2694 3112 numerus;

183 3148 394 3197 motus
435 3157 655 3196 eorum
687 3149 835 3197 sunt
866 3158 1113 3198 summe
1146 3136 1483 3220 regulareS,
1521 3138 1582 3199 Sc
1614 3140 1874 3201 easdem
1909 3136 2085 3221 leges
2118 3160 2262 3199 cum
2294 3135 2694 3218 planetarum

184 3237 460 3298 motibus
493 3236 851 3298 observant.
951 3237 1303 3299 Moventur
1333 3239 1395 3300 in
1428 3240 1687 3301 orbibus
1719 3241 1970 3313 coniciS,
2003 3239 2068 3301 hi
2106 3240 2293 3302 orbes
2324 3252 2475 3301 sunt
2504 3236 2696 3300 valde

182 3336 530 3398 admodum
584 3338 929 3400 eccentrici.
1030 3338 1351 3400 Feruntur
1395 3340 1678 3422 undique
1726 3342 1788 3402 in
1835 3362 2059 3403 omnes
2113 3338 2413 3402 caelorum
2459 3353 2692 3420 parteS,

185 3438 246 3499 &
276 3436 672 3518 planetarum
705 3438 999 3520 regiones
1036 3438 1355 3502 liberrime
1385 3455 1848 3521 pertranseunt,
1885 3441 1947 3503 ἃ
1991 3463 2166 3522 saepe
2211 3454 2431 3504 contra
2475 3440 2692 3524 signo-

183 3560 322 3599 rum
368 3538 654 3600 ordinem
710 3539 1025 3602 incedunt.
1143 3540 1309 3602 Haec
1361 3541 1787 3622 phaenomena
1839 3542 2187 3604 certissime
2240 3542 2697 3604 confirmantur

179 3663 261 3702 ex
292 3641 840 3703 observationibus
881 3645 1360 3707 astronomicis:
1410 3645 1471 3707 8c
1515 3668 1632 3727 per
1675 3648 1949 3708 vortices
1998 3661 2325 3728 nequeunt
2370 3647 2688 3730 explicari.

183 3741 341 3816 Imo,
378 3761 457 3802 ne
488 3741 748 3822 quidem
781 3764 923 3803 cum
956 3743 1301 3805 vorticibus
1347 3743 1743 3826 planetarum
1791 3747 2136 3809 consistere
2182 3763 2467 3829 possunt.
2565 3750 2688 3813 Co-
