2852 4250
1102 127 1338 175 LIBER
1374 127 1794 178 SECUNDUS.
2545 140 2620 198 28
2627 157 2662 215 3

231 291 526 352 densetur
544 313 557 363 ;
602 301 816 349 contra
858 286 1267 366 hypothesim
1345 288 1492 348 Non
1538 302 1800 366 possunt
1837 288 2080 370 longius
2125 294 2205 352 ab
2244 316 2320 355 eo
2360 299 2661 371 recedere,

237 388 352 447 nisi
410 385 667 446 fluidum
724 384 805 444 ad
861 383 1418 444 circumferentiam
1478 385 1924 458 condensetur;
1984 386 2170 447 etiam
2215 403 2428 450 contra
2471 393 2663 472 hypo-

231 484 449 545 thesin.
542 482 690 543 Non
736 493 998 560 possunt
1042 493 1290 541 servata
1332 502 1444 540 sua
1487 502 1525 540 a
1568 494 1780 541 centro
1823 482 2116 544 distantia
2159 488 2393 546 moveri
2438 488 2499 547 in
2543 489 2668 567 pla-

186 582 192 587 ’
229 603 376 663 gam
420 598 869 659 quamcunque,
916 577 1062 656 quia
1104 578 1237 655 pari
1282 578 1520 637 ratione
1565 579 1981 639 movebuntur
2025 581 2085 639 in
2131 581 2378 662 plagam
2431 599 2668 646 contra-

230 679 420 750 riam;
483 677 544 736 in
596 673 812 756 plagas
863 687 1072 734 autern
1124 673 1460 734 contrarias
1516 695 1640 735 non
1689 689 1897 754 potest
1946 698 2090 756 pars
2149 680 2384 752 eadem,
2446 684 2668 743 eodem

229 776 534 854 tempore,
580 771 830 833 moveri.
924 771 1100 852 Ergo
1144 770 1316 830 fluidi
1376 792 1519 850 pars
1580 771 1746 832 nulla
1803 774 1883 835 de
1942 774 2077 836 loco
2130 798 2243 838 suo
2302 780 2665 842 movebitur.

234 873 308 946 Q.
338 872 419 932 E.
453 872 537 932 D.

348 971 481 1031 Cas,
535 990 584 1032 2.
638 970 798 1030 Dico
819 969 968 1049 jam,
1001 967 1170 1047 quod
1202 967 1372 1026 fluidi
1405 967 1586 1048 hujus
1617 982 1824 1048 partes
1854 990 2070 1030 omnes
2110 971 2427 1050 sphaericae
2466 996 2670 1055 aequa-

230 1067 368 1128 liter
410 1069 773 1147 premuntur
815 1066 1105 1145 undique.
1199 1065 1297 1125 Sit
1341 1065 1506 1125 enim
1551 1067 1702 1125 EF
1735 1088 1877 1145 pars
1929 1068 2231 1146 sphaerica
2275 1070 2460 1142 fluidi,
2509 1072 2569 1132 &
2618 1073 2669 1132 si

230 1166 363 1227 haec
407 1166 682 1245 undique
727 1186 849 1225 non
896 1165 1195 1244 premitur
1238 1162 1571 1243 aequaliter,
1605 1178 1906 1245 augeatur
1948 1167 2185 1244 pressio
2226 1169 2438 1240 minor,
2472 1192 2670 1249 usque

228 1263 377 1323 dum
424 1263 558 1342 ipsa
607 1262 883 1341 undique
933 1273 1252 1341 prematur
1294 1260 1646 1340 aequaliter;
1715 1262 1775 1321 &
1827 1275 2034 1341 partes
2086 1264 2236 1343 ejuS‚
2292 1286 2403 1343 per
2460 1287 2670 1326 casum

230 1361 511 1441 primum,
571 1358 1023 1438 permanebunt
1083 1359 1143 1418 in
1202 1358 1352 1419 locis
1411 1360 1551 1420 suis,
1643 1359 1773 1419 Sed
1817 1373 1962 1419 ante
2006 1374 2249 1420 auctam
2289 1363 2670 1440 pressionem

227 1458 678 1538 permanebunt
723 1458 783 1517 in
828 1455 976 1517 locis
1021 1458 1163 1528 suis,
1197 1478 1309 1536 per
1353 1479 1563 1517 casum
1609 1457 1879 1517 eundem
1925 1458 2207 1536 primum,
2256 1458 2316 1518 &
2356 1460 2672 1522 additione

225 1555 560 1635 pressionis
620 1576 800 1615 novae
861 1555 1277 1615 movebuntur
1334 1555 1414 1615 de
1473 1554 1621 1615 locis
1674 1556 1819 1629 suiS,
1854 1577 1965 1635 per
2011 1556 2438 1617 definitionem
2482 1559 2667 1619 fluidi.

228 1653 390 1731 Quae
434 1653 560 1713 duo
604 1665 967 1733 repugnant.
1064 1652 1238 1732 Ergo
1282 1652 1439 1713 falso
1483 1653 1804 1713 dicebatur
1847 1653 2016 1732 quod
2062 1653 2307 1732 sphaera
2356 1657 2508 1715 EF
2549 1677 2670 1716 non

227 1751 502 1830 undique
533 1750 930 1829 premebatur
958 1749 1293 1830 aequaliter.
1389 1751 1462 1824 Q.
1491 1751 1570 1811 E.
1599 1753 1683 1811 D.

343 1848 477 1907 Cas,
551 1867 602 1923 3.
675 1846 835 1907 Dico
879 1860 1186 1925 praeterea
1233 1848 1404 1927 quod
1464 1849 1849 1908 diversarum
1910 1850 2175 1928 partium
2235 1850 2672 1929 sphaericarum

225 1944 480 2026 aequalis
521 1945 601 2004 sit
641 1945 893 2024 pressio.
991 1945 1158 2004 Nam
1201 1959 1409 2024 partes
1450 1947 1770 2026 sphaericae
1812 1947 2119 2027 contiguae
2164 1969 2231 2007 se
2277 1960 2491 2008 mutuo
2536 1969 2670 2027 pre-

227 2056 404 2103 munt
455 2042 779 2123 aequaliter
827 2043 886 2102 in
933 2058 1164 2122 puncto
1210 2058 1546 2116 contactus
1590 2067 1702 2124 per
1747 2057 1951 2106 motus
1996 2044 2199 2125 legem
2245 2066 2331 2106 111.
2424 2046 2554 2106 Sed
2596 2046 2670 2117 ἃ,

225 2162 338 2221 per
387 2162 598 2201 casum
642 2141 999 2212 secundum,
1039 2142 1315 2222 undique
1368 2156 1734 2222 premuntur
1785 2144 2003 2203 eadem
2057 2145 2135 2204 vi.
2233 2144 2444 2204 Partes
2490 2144 2675 2225 igitur

223 2239 366 2299 duae
396 2239 636 2319 quaevis
677 2239 996 2319 sphaericae
1044 2261 1167 2300 non
1221 2241 1547 2322 contiguae,
1582 2242 1727 2320 quia
1771 2263 1913 2320 pars
1960 2241 2262 2320 sphaerica
2311 2241 2673 2301 intermedia

223 2348 478 2417 tangere
508 2348 715 2415 potest
744 2349 1085 2417 utramque,
1119 2352 1479 2417 prementur
1511 2340 1730 2400 eadem
1763 2341 1840 2399 vi.
1935 2340 2006 2413 Q.
2036 2340 2116 2399 E.
2145 2340 2228 2398 D.

251 2421 257 2427 ’
341 2433 476 2494 Cas,
533 2454 586 2509 4.
654 2433 814 2494 Dico
856 2434 990 2515 jam
1044 2436 1213 2515 quod
1264 2436 1434 2496 fluidi
1494 2449 1701 2515 partes
1762 2458 1978 2497 omnes
2031 2437 2259 2515 ubique
2311 2448 2673 2515 premuntur

224 2529 556 2611 aequaliter.
653 2531 821 2591 Nam
852 2545 1059 2611 partes
1091 2534 1232 2594 duae
1264 2535 1503 2614 quaevis
1549 2535 1719 2615 tangi
1766 2548 2025 2613 possunt
2069 2557 2105 2594 a
2148 2533 2423 2612 partibus
2468 2533 2667 2612 sphae-

224 2630 362 2689 ricis
408 2630 469 2689 in
511 2630 754 2709 punctis
799 2630 1288 2711 quibuscunque,
1326 2632 1386 2692 &
1431 2633 1513 2692 ibi
1560 2646 1767 2711 partes
1802 2631 1932 2691 illas
1978 2632 2309 2711 sphaericas
2354 2629 2674 2710 aequaliter

222 2739 527 2806 premunt,
559 2748 672 2806 per
714 2749 926 2789 casum
974 2749 1026 2806 3,
1062 2730 1122 2789 &
1169 2729 1442 2790 vicissim
1487 2730 1566 2789 ab
1614 2728 1728 2789 illis
1774 2728 2094 2809 aequaliter
2136 2740 2512 2807 premuntur,
2560 2748 2672 2806 per

224 2837 428 2886 motus
459 2824 664 2906 legem
695 2826 956 2887 tertiam.
1052 2828 1124 2901 Q.
1150 2829 1228 2888 E.
1253 2830 1338 2888 D.

340 2924 470 2984 Cas,
524 2941 574 2999 5.
627 2923 786 2983 Cum
820 2924 1006 3004 igitur
1035 2925 1204 2985 fluidi
1230 2947 1372 3005 pars
1398 2924 1675 3005 quaelibit
1711 2926 1770 2985 G
1791 2926 1877 2984 H
1887 2927 1935 2984 J
1959 2919 2018 2984 in
2050 2923 2240 2983 fluido
2271 2921 2506 3001 reliquo
2537 2934 2667 2981 tan-

223 3041 410 3099 quam
442 3021 502 3080 in
534 3043 685 3082 vase
715 3021 1048 3095 claudatur,
1083 3025 1143 3085 8ε
1183 3026 1459 3104 undique
1501 3037 1816 3104 prematur
1846 3021 2180 3102 aequaliter,
2214 3032 2420 3100 partes
2465 3032 2670 3079 autem

222 3119 355 3198 ejus
398 3139 467 3178 se
512 3131 728 3180 mutuo
772 3120 1094 3200 aequaliter
1135 3136 1423 3201 premant
1464 3122 1524 3182 Sc
1565 3122 1887 3201 quiescant
1928 3121 2087 3179 inter
2130 3139 2231 3191 se;
2278 3116 2669 3176 manifestum

222 3228 318 3276 est
347 3216 515 3295 quod
548 3216 717 3276 fluidi
750 3219 1171 3299 cujuscunque
1208 3220 1367 3279 GH
1380 3221 1436 3291 J,
1470 3220 1638 3299 quod
1671 3218 1946 3298 undique
1991 3217 2292 3295 premitur
2333 3212 2664 3293 aequaliter,

221 3324 428 3391 partes
485 3334 703 3374 omnes
762 3337 830 3376 se
890 3330 1106 3378 mutuo
1166 3331 1456 3397 premunt
1514 3316 1851 3397 aequaliter,
1901 3315 1961 3375 ἃ
2006 3315 2333 3394 quiescunt
2381 3313 2539 3372 inter
2579 3332 2662 3370 se.

226 3410 300 3484 Q.
326 3411 407 3471 E.
429 3411 514 3471 D.
614 3393 619 3402 '

339 3508 472 3568 Cas,
523 3513 577 3569 6.
632 3509 831 3590 Igitur
858 3512 910 3571 si
942 3511 1199 3571 fluidum
1232 3510 1376 3571 illud
1413 3513 1473 3571 in
1505 3533 1655 3572 vase
1692 3532 1814 3571 non
1858 3510 2057 3591 rigido
2100 3508 2432 3578 claudatur,
2467 3506 2526 3565 &
2556 3525 2664 3564 un-

221 3602 411 3683 dique
462 3625 586 3665 non
637 3620 955 3685 prematur
1005 3608 1359 3689 aequaliter3
1428 3609 1609 3669 cedet
1667 3608 1832 3668 idem
1892 3606 2194 3686 pressioni
2253 3603 2501 3673 fortiori,
2554 3622 2668 3680 per

222 3700 646 3765 definitionem
679 3704 1013 3765 fluiditatis.

340 3800 474 3861 Cas.
530 3817 577 3877 7.
634 3802 911 3881 Ideoque
943 3803 1002 3863 in
1035 3825 1185 3863 vase
1227 3804 1426 3884 rigido
1458 3803 1714 3863 fluidum
1747 3822 1869 3861 non
1915 3798 2241 3860 sustinebit
2284 3795 2662 3875 pressionem
