2852 4250
3 1968 19 1991 ι’
7 1952 18 1957 .⁴
0 1930 13 1938 ·'
0 1715 24 1920 R’QQJFO.

7 3942 21 3956 ·-
3 3700 37 3917 εσκεωιῖ-ωκ
0 3303 39 3683 suman-*nemu*
4 3148 33 3282 aima-:it
6 3113 26 3125 =
6 2938 14 2948 ⁴

1135 160 1374 209 LIBER
1407 160 1718 211 PRIMUS.
2539 187 2562 231 1
2576 188 2652 242 29

205 323 428 406 eorpus
470 322 668 397 aliud,
729 325 791 385 vi
849 322 1056 405 aliqua
1123 322 1411 385 uniformi
1475 324 1831 403 centripeta,
1891 323 1973 384 de
2040 322 2177 386 loco
2243 327 2308 385 P
2374 327 2656 390 cadendo

203 424 521 503 acquirere
556 436 769 503 posset
805 423 866 482 in
901 423 1010 484 D.-
1053 422 1258 501 sitque
1301 421 1436 482 haec
1470 421 1568 482 vis
1606 421 1929 482 uniformis
1969 421 2049 482 ad
2090 422 2238 497 vim,
2272 445 2397 503 qua
2432 445 2656 504 corpus

203 522 471 602 primum
506 535 761 603 urgetur
789 521 850 580 in
895 522 950 592 I,
983 533 1053 580 ut
1093 519 1253 579 DR
1295 519 1377 579 ad
1419 520 1585 580 DF.
1683 519 1910 600 Pergat
1945 533 2155 580 autem
2186 542 2409 599 corpus
2439 542 2658 581 versus

199 620 283 691 k,·
346 632 684 699 centroque
733 620 790 680 C
827 619 888 679 &
932 615 1257 678 intervallo
1305 618 1363 677 C
1372 617 1415 677 k
1457 617 1841 678 describatur
1883 618 2142 679 circulus
2193 620 2282 679 ke
2329 640 2658 680 occurrens

200 730 384 779 rectae
427 719 492 777 P
507 719 578 777 D
620 718 682 777 in
725 739 767 788 e,
815 716 876 777 &
919 717 1237 798 erigantur
1278 737 1605 776 curvarum
1648 717 1800 776 BF
1801 738 1865 797 g,
1910 718 2072 788 abv,
2118 739 2284 777 aczo
2327 718 2658 778 ordinatim

200 814 525 896 applicatae
593 837 690 896 eg,
761 837 857 886 ev,
927 837 1044 876 ew.
1183 814 1286 874 Ex
1354 814 1504 875 dato
1568 813 1928 895 rectangulo
1991 816 2225 876 PDR
2247 817 2321 890 Q,
2387 817 2660 895 dataque

113 933 118 938 ·
199 912 339 994 lege
383 913 478 973 vis
523 913 880 993 centripetae
925 934 1049 993 qua
1099 934 1322 993 corpus
1373 913 1642 992 primum
1688 913 1973 994 agitatur,
2020 913 2204 973 datur
2254 935 2444 974 curva
2495 913 2659 974 linea

197 1013 350 1072 BF
344 1034 409 1093 g,
476 1034 590 1092 per
659 1012 1180 1073 constructionem
1249 1009 1652 1091 problematis
1726 1031 1921 1082 xxvn,
1998 1010 2059 1071 &
2131 1012 2264 1093 ejus
2338 1010 2518 1074 corol.
2605 1033 2651 1072 1.

202 1112 452 1173 Deinde
483 1134 562 1173 ex
591 1111 739 1172 dato
769 1109 1000 1192 angulo
1052 1113 1109 1172 C
1117 1112 1167 1171 I
1176 1111 1258 1171 K
1293 1110 1477 1171 datur
1505 1111 1823 1191 proportio
1855 1110 2240 1170 nascentium
2284 1111 2431 1182 JK,
2463 1111 2544 1170 K
2559 1111 2655 1182 N,

201 1210 262 1272 ἃ
320 1211 480 1283 inde,
541 1233 653 1291 per
709 1210 1229 1271 constructionem
1288 1210 1461 1290 prob.
1520 1230 1740 1281 xxvm,
1794 1209 1980 1269 datur
2029 1210 2344 1289 quantitas
2398 1209 2477 1287 Q,
2532 1231 2658 1270 una

199 1330 340 1369 cum
399 1309 603 1369 curvis
660 1307 838 1369 lineis
895 1309 1056 1379 abv,
1117 1330 1317 1370 acw:
1376 1307 1659 1388 ideoque,
1722 1306 2032 1388 completo
2091 1320 2372 1387 tempore
2432 1310 2658 1388 quovis

197 1407 433 1479 vae‚
486 1407 670 1467 datur
721 1420 852 1467 tum
904 1407 1178 1487 corporis
1230 1405 1492 1468 altitudo
1548 1407 1605 1468 C
1621 1429 1652 1467 e
1698 1406 1798 1467 vel
1857 1407 1914 1467 C
1928 1407 1984 1477 k,
2034 1419 2165 1466 tum
2211 1429 2356 1467 area
2399 1409 2654 1479 Dcwe‚

197 1505 380 1586 eique
439 1504 694 1586 aequalis
752 1518 956 1567 sector
1010 1506 1088 1566 X
1108 1506 1229 1586 Cy,
1289 1504 1681 1588 angulusque
1739 1507 1787 1565 I
1805 1506 1861 1566 C
1870 1506 1926 1578 k,
1990 1505 2050 1566 &
2101 1504 2271 1566 locus
2322 1506 2364 1565 k
2419 1506 2478 1566 in
2534 1527 2659 1586 quo

198 1625 422 1684 corpus
453 1618 598 1665 tunc
628 1603 989 1666 versabitur.
1081 1605 1156 1680 Q.
1179 1605 1258 1667 E.
1285 1605 1341 1666 J.

310 1702 737 1783 Supponimus
796 1716 1005 1764 autem
1066 1704 1127 1763 in
1187 1703 1283 1764 his
1342 1702 1869 1784 propositionibus
1928 1701 2056 1763 vim
2116 1702 2523 1782 centripetam
2595 1702 2657 1762 in

196 1822 440 1862 recessu
486 1801 740 1882 quidem
784 1824 822 1862 a
857 1815 1070 1863 centro
1114 1802 1337 1863 variari
1376 1801 1717 1863 secundum
1748 1798 1952 1883 legem
1984 1823 2435 1882 quamcunque,
2470 1823 2657 1881 quam

195 1900 335 1981 quis
383 1900 704 1982 imaginari
757 1913 978 1981 potest,
1034 1901 1094 1961 in
1148 1899 1491 1982 aequalibus
1543 1914 1751 1960 autem
1805 1922 1842 1960 a
1893 1914 2106 1962 centro
2158 1901 2467 1962 distantiis
2520 1923 2658 1973 esse

194 2000 469 2080 undique
528 2000 808 2061 eandem.
947 2000 1165 2081 Atque
1223 2000 1522 2062 hactenus
1591 2013 1829 2061 motum
1896 2021 2223 2078 corporum
2283 2000 2345 2059 in
2405 2000 2657 2060 orbibus

200 2098 616 2160 immobilibus
660 2099 1206 2160 consideravimus,
1321 2099 1624 2179 Superest
1667 2111 1736 2158 ut
1781 2098 1861 2158 de
1906 2110 2078 2158 motu
2125 2120 2340 2159 eorum
2387 2099 2447 2158 in
2494 2098 2654 2160 orbi-

199 2197 332 2269 bus
365 2198 471 2278 qui
503 2198 662 2258 circa
691 2211 970 2259 centrum
1001 2198 1224 2259 virium
1260 2196 1679 2268 revolvuntur,
1713 2196 2076 2278 adjiciamus
2109 2220 2319 2279 pauca.

1090 2419 1519 2481 SECTIQ
1597 2417 1742 2480 IX.

299 2571 400 2631 De
440 2579 607 2632 motu
650 2578 976 2652 corporum,
1014 2570 1083 2631 in
1126 2570 1370 2631 orbibus
1412 2570 1744 2641 mobilibus,
1791 2569 1972 2651 deque
2014 2577 2181 2630 motu
2226 2570 2526 2650 apsidum.

427 2781 1055 2844 PROPOSITIO
1120 2781 1417 2842 XLIII.
1544 2780 2110 2842 PROBLEMA
2178 2781 2430 2842 XXX.

193 2923 605 3004 Efficiendum
660 2934 746 2987 est
800 2934 875 2986 ut
927 2933 1145 3005 corpus
1201 2925 1269 2985 in
1327 2924 1682 3005 trajectorz'a
1738 2945 2095 3004 quacunque
2148 2923 2310 2983 circa
2376 2931 2654 2984 centrum

276 3023 512 3084 virium
569 3026 899 3086 revolvente
936 3026 1202 3105 perinde
1259 3025 1490 3086 moveri
1538 3024 1751 3106 possit,
1811 3032 1993 3105 atque
2054 3031 2272 3103 corpus
2337 3023 2524 3084 aliud
2586 3023 2654 3083 in

275 3122 476 3182 eadem
519 3124 870 3204 trajectoria
914 3124 1248 3204 quiescente.

309 3274 383 3334 In
429 3275 580 3337 orbe
639 3275 703 3335 V
711 3276 873 3336 PK
901 3275 1210 3356 positione
1245 3274 1395 3336 dato
1426 3273 1784 3336 revolvatur
1812 3295 2036 3353 corpus
2065 3275 2130 3333 P
2158 3273 2482 3354 pergendo
2512 3295 2549 3332 a
2596 3273 2659 3332 V

192 3391 409 3432 versus
438 3373 526 3436 K.
616 3372 679 3433 A
726 3387 939 3435 centro
988 3374 1045 3435 C
1082 3386 1306 3455 agatur
1348 3395 1598 3453 semper
1647 3374 1704 3434 C
1699 3381 1769 3453 p,
1803 3394 1946 3453 quae
1990 3371 2072 3431 sit
2116 3371 2232 3451 ipsi
2277 3373 2333 3431 C
2343 3373 2407 3431 P
2442 3392 2647 3450 aequa-

190 3466 280 3542 lis,
326 3470 749 3553 angulumque
808 3473 872 3533 V
891 3474 948 3534 C
943 3481 996 3553 p
1037 3470 1268 3553 angulo
1328 3472 1391 3532 V
1410 3472 1467 3532 C
1481 3473 1546 3532 P
1595 3469 2122 3552 proportionalem
2168 3470 2505 3530 constituat
2530 3494 2541 3542 ;
2590 3468 2650 3528 ἃ

190 3586 349 3640 area,
393 3590 582 3649 quam
626 3568 789 3631 linea
837 3570 894 3631 C
890 3579 944 3650 p
985 3570 1294 3644 describit,
1330 3571 1446 3631 erit
1474 3570 1555 3630 ad
1586 3592 1796 3631 aream
1844 3570 1907 3630 V
1923 3570 1980 3631 C
1990 3571 2068 3641 P,
2102 3591 2289 3650 quam
2321 3568 2484 3648 linea
2521 3569 2577 3628 C
2586 3569 2651 3627 P

189 3662 372 3725 simul
422 3666 730 3738 describit,
783 3680 853 3728 ut
903 3667 1199 3730 velocitas
1251 3667 1431 3729 lineae
1483 3667 1891 3728 describentis
1955 3668 2012 3728 C
2012 3675 2066 3747 p
2118 3667 2199 3727 ad
2252 3666 2645 3728 velocitatem

189 3758 370 3824 lineae
399 3763 803 3826 describentis
838 3766 896 3827 C
906 3767 971 3826 P
990 3793 1015 3838 ,·
1044 3767 1162 3828 hoc
1191 3779 1303 3839 est,
1335 3779 1407 3827 ut
1434 3764 1699 3848 angulus
1747 3766 1810 3825 V
1824 3766 1880 3826 C
1877 3773 1930 3845 p
1961 3765 2042 3825 ad
2077 3764 2371 3846 angulum
2419 3764 2482 3824 V
2496 3764 2553 3825 C
2563 3764 2644 3844 P,

169 3858 458 3941 'ideoque
511 3861 571 3934 in
616 3862 763 3924 data
810 3864 1062 3938 ratione,
1111 3864 1170 3925 8z
1209 3877 1537 3945 propterea
1578 3864 1840 3943 tempori
1887 3861 2375 3943 proportionalis,
2485 3860 2646 3921 Cum

1412 3968 1433 4006 1
