2846 4250
173 128 177 131 ³
192 130 314 206 462
984 121 1102 171 DE
1133 119 1213 170 Μ
1213 118 1413 171 UNDI
1445 117 1492 168 S
1501 114 1806 167 YSTEMA
1816 115 1916 165 TE

190 296 254 357 in
284 291 486 374 ellipsi
517 266 1028 360 circum'terram‚
1063 286 1126 347 in
1158 286 1294 368 ejus
1324 280 1624 344 umbilico
1656 279 1951 342 inferiore
1982 277 2409 352 constitutam,
2448 277 2697 344 revolvi
2789 348 2807 378 ὁ

189 394 430 476 primus
473 390 707 452 statuit.
827 387 1131 449 Halleizcs
1170 396 1455 446 centrum
1486 378 1782 461 ellipseos
1813 379 1877 440 in
1909 375 2194 460 epicyclo
2223 376 2472 452 locavit,
2506 380 2688 463 cujus

195 504 481 554 centrum
539 488 934 550 uniformiter
992 483 1340 547 revolvitur
1398 480 1631 541 circum
1691 492 1944 540 terram.
2071 478 2162 539 Et
2235 500 2317 541 ex
2390 491 2568 542 motu
2629 481 2694 543 in

195 589 477 675 epicyclo
507 568 813 652 'oriuntur
864 583 1323 667 inaequalitates
1363 581 1500 663 jam
1552 579 1740 640 dictae
1794 579 1857 639 in
1904 601 2247 662 progressu
2295 578 2358 641 &
2402 602 2698 663 regressu

197 691 446 773 apogaei
500 689 562 750 &
621 687 973 769 quantitate
1031 679 1528 746 eccentricitatiS.
1656 678 1883 771 Dividi
1945 677 2335 762 intelligatur
2397 679 2703 743 distantia
2786 698 2846 746 με

198 790 530 854 mediocris
561 788 730 849 lunae
761 810 799 847 a
828 799 994 848 terra
1026 786 1087 846 in
1120 795 1332 865 partes
1372 801 1639 855 100000,
1676 779 1738 841 &
1782 779 2014 842 referat
2070 780 2136 840 T
2169 793 2402 841 terram
2448 778 2510 840 &
2568 781 2633 841 T
2652 781 2712 843 C
2812 818 2821 843 :

199 889 723 953 eccentricitatem
755 887 1138 947 mediocrem
1170 882 1337 943 lunae
1369 882 1643 963 partium
1680 898 1863 960 5505.
1992 880 2386 942 Producatur
2438 881 2503 941 T
2522 881 2580 943 C
2617 882 2702 944 ad

195 992 274 1063 B,
308 1003 378 1050 ut
408 990 490 1049 sit
534 988 668 1048 CB
712 987 885 1047 sinus
918 984 1294 1066 aequationis
1326 982 1622 1044 maximae
1669 981 1993 1043 semestris
2034 991 2166 1042 12gr-
2209 981 2307 1042 18'
2337 981 2420 1042 ad
2452 981 2701 1044 radium

208 1090 272 1150 T
290 1089 358 1163 C,
423 1087 483 1149 Sc
543 1084 806 1147 circulus
858 1086 924 1146 B
941 1086 1100 1146 DA
1167 1096 1385 1145 centro
1451 1083 1510 1144 C
1562 1080 1897 1144 intervallo
1962 1081 2104 1143 CB
2162 1081 2520 1163 descriptus
2581 1082 2702 1144 erit

196 1186 509 1270 epicyclus
541 1185 644 1248 ille
675 1188 737 1247 in
764 1208 891 1267 quo
916 1198 1200 1247 centrum
1225 1184 1394 1246 orbis
1418 1181 1654 1244 lunaris
1677 1181 1923 1244 locatur
1946 1182 2009 1244 &
2033 1182 2385 1245 secundum
2409 1182 2702 1244 ordinem

195 1288 515 1350 literarum
545 1287 612 1347 B
632 1288 705 1347 D
725 1287 795 1347 Α
833 1285 1194 1348 revolvitur.
1293 1284 1600 1365 Capiatur
1629 1281 1903 1365 angulus
1934 1283 2001 1342 B
2031 1282 2089 1343 C
2104 1283 2177 1343 D
2207 1280 2470 1364 aequalis
2502 1281 2702 1364 duplo

195 1401 570 1473 argumento
623 1409 852 1461 annUO,
901 1410 1013 1450 seu
1060 1385 1272 1467 duplae
1319 1385 1638 1447 distantiae
1698 1383 1835 1445 veri
1896 1380 2018 1444 loci
2079 1381 2230 1444 solis
2291 1383 2373 1445 ab
2432 1404 2758 1466 apogaeo„

195 1489 362 1552 lunae
406 1487 601 1551 semel
648 1501 917 1570 aequato,
967 1486 1029 1549 ἃ
1081 1487 1199 1549 erit
1258 1487 1316 1549 C
1343 1486 1406 1547 Τ
1421 1486 1493 1547 D
1546 1484 1822 1566 aequatio
1869 1483 2195 1546 semestris
2240 1483 2491 1567 apogaei
2535 1481 2704 1547 lunae

194 2386 255 2448 &
329 2386 393 2447 T
400 2386 472 2446 D
530 2382 957 2447 eccentricitas
1018 2379 1188 2442 orbis
1260 2379 1398 2461 ejus
1476 2379 1538 2439 in
1614 2401 1954 2462 apogaeum
2029 2380 2313 2444 secundo
2379 2392 2703 2463 aequatum

192 2486 477 2549 tendens,
666 2484 923 2544 Habitis
999 2493 1212 2542 autem
1303 2478 1471 2541 lunae
1565 2494 1743 2541 motu
1834 2481 2048 2543 medio
2126 2481 2188 2543 &
2281 2503 2552 2565 apogaeo
2641 2481 2704 2544 ἃ

193 2585 668 2658 eccentricitate,
702 2597 773 2645 ut
805 2583 866 2645 ἃ
897 2582 1066 2645 orbis
1101 2603 1221 2642 axe
1254 2581 1495 2663 majore
1527 2582 1804 2662 partium
1841 2602 2129 2658 200000;
2178 2605 2259 2644 ex
2305 2582 2403 2644 his
2450 2595 2706 2645 eruetur

192 2709 379 2748 verus
411 2685 578 2747 lunae
608 2683 783 2747 locus
816 2685 879 2745 in
911 2683 1065 2745 orbe
1098 2682 1158 2743 ἃ
1190 2682 1494 2743 distantia
1524 2683 1661 2765 ejus
1693 2705 1731 2743 a
1763 2695 1946 2757 terra,
1981 2682 2174 2764 idque
2218 2705 2335 2764 per
2364 2682 2702 2746 methodos

193 2788 567 2850 notissimas,

313 2888 389 2948 In
421 2883 725 2967 perihelio
756 2898 955 2957 terrae,
991 2897 1251 2965 propter
1281 2884 1587 2966 majorem
1635 2884 1767 2946 vim
1800 2882 1966 2957 soliS,
2001 2896 2288 2946 centrum
2320 2884 2491 2946 orbis
2532 2882 2702 2946 lunae

194 2984 472 3047 velocius
535 2998 830 3046 movetur
889 2984 1122 3044 circum
1182 2997 1468 3044 centrum
1535 2984 1593 3045 C
1647 3006 1841 3065 quam
1917 2985 1980 3045 in
2041 2983 2313 3066 aphelio‚
2382 2984 2577 3065 idque
2637 2985 2701 3046 in

195 3084 506 3166 triplicata
558 3086 800 3147 ratione
853 3085 1171 3145 distantiae
1225 3098 1411 3146 terrae
1465 3107 1503 3146 a
1555 3084 1691 3147 sole
1745 3087 2013 3147 inverse.
2111 3085 2218 3146 Ob
2271 3086 2699 3167 aequationem

196 3185 391 3246 centri
423 3183 571 3246 solis
617 3186 679 3245 in
726 3197 1101 3266 argumento
1146 3206 1358 3246 annuo
1405 3187 1949 3267 comprehensam,
1984 3199 2271 3248 centrum
2314 3187 2484 3249 orbis
2530 3185 2699 3249 lunae

194 3282 474 3345 velocius
519 3296 811 3345 movetur
856 3285 918 3344 in
965 3282 1246 3364 epicyclo
1290 3285 1357 3345 B
1380 3286 1543 3346 DA
1596 3287 1659 3348 in
1706 3286 2028 3369 duplicata
2073 3287 2317 3350 ratione
2376 3288 2698 3350 distantiae

194 3402 379 3451 terrae
423 3410 462 3448 a
491 3385 625 3449 sole
671 3387 934 3448 inverse.
1064 3387 1159 3447 Ut
1203 3387 1372 3447 idem
1419 3388 1627 3450 adhuc
1671 3389 1954 3451 velocius
1997 3402 2331 3451 moveatur
2361 3389 2423 3450 in
2455 3389 2698 3451 ratione

192 3487 458 3570 simplici
504 3487 821 3548 distantiae
868 3487 1150 3562 inverse;
1198 3488 1279 3549 ab
1325 3489 1494 3550 orbis
1541 3503 1758 3552 centro
1789 3492 1862 3551 D
1905 3503 2133 3573 agatur
2163 3502 2334 3551 recta
2364 3490 2529 3551 DE
2555 3510 2696 3550 ver-

190 3610 297 3649 sus
329 3608 665 3669 apogaeum
690 3586 872 3659 lunae,
906 3608 1018 3647 seu
1043 3601 1231 3649 rectae
1275 3589 1338 3647 T
1353 3589 1410 3649 C
1434 3588 1748 3669 parallela,
1787 3590 1849 3651 &
1881 3591 2167 3671 capiatur
2195 3587 2466 3672 angulus
2494 3588 2708 3649 EDF

143 3761 150 3768 ⁴
190 3688 451 3771 aequalis
497 3687 782 3749 excessui
828 3688 1183 3769 argumenti
1228 3689 1421 3749 annui
1466 3690 1752 3769 praedicti
1798 3713 1992 3771 supra
2029 3690 2397 3751 distantiam
2442 3688 2695 3771 apogaei

189 3788 357 3851 lunae
388 3811 426 3850 a
456 3787 735 3871 perigaeo
766 3785 915 3849 solis
954 3786 1016 3847 in
1063 3783 1517 3868 consequentia
1539 3813 1551 3864 ;
1598 3789 1701 3852 vel
1735 3789 1908 3872 quod
1953 3789 2221 3871 perinde
2266 3801 2366 3852 est
2409 3787 2696 3872 capiatur

2834 4001 2846 4154 -—*a=
2839 3970 2846 3994 n.
2843 3943 2846 3952 -
