2852 4250
1019 84 1256 146 LIBER
1288 84 1381 134 SE
1387 86 1434 134 C
1441 85 1600 134 UND
1610 86 1708 134 US.
2459 109 2492 166 3
2500 93 2534 149 8
2543 107 2573 166 5

152 243 526 329 portionales
582 245 1008 316 describendO,
1063 246 1413 306 movebitur
1474 246 1760 308 uniformi
1818 267 1959 307 cum
2016 261 2201 309 motu.
2292 230 2574 330 ⁸>Corpus

153 358 378 417 autem,
410 343 580 424 quod
627 340 966 404 revolvitur
1016 342 1077 401 in
1128 335 1280 403 orbe
1329 344 1491 415 BE,
1545 343 1779 403 tardius
1830 345 2180 405 movebitur
2222 346 2283 405 in
2334 346 2577 425 aphelio

151 442 218 502 B
263 441 324 502 8c
365 438 638 501 velocius
690 439 752 499 in
804 437 1101 517 perihelio
1151 439 1233 510 E,
1287 439 1627 499 secundum
1679 438 1850 520 leges
1902 443 2376 513 astronomicas;
2437 465 2575 503 cum

153 553 361 599 tamen
389 536 731 598 secundum
760 534 932 616 leges
963 535 1349 595 mechanicas
1394 536 1649 595 materia
1692 537 1941 597 vorticis
1973 539 2033 598 in
2078 531 2277 618 spatio
2307 541 2575 620 angusti-

151 658 260 698 ore
316 636 476 696 inter
523 635 591 693 A
650 634 711 693 &
765 634 822 693 C
866 630 1139 693 velocius
1191 633 1427 692 moveri
1485 633 1712 693 debeat
1758 655 1944 713 quarn
1997 636 2057 694 in
2109 636 2309 715 spatio
2365 634 2579 697 latiore

153 735 311 795 inter
342 735 414 793 D
457 731 518 792 &
559 733 630 790 F
635 756 659 802 ,·
704 730 766 790 id
811 743 920 802 est,
954 729 1015 789 in
1061 728 1308 808 aphelio
1354 729 1626 790 velocius
1674 751 1861 811 quam
1909 732 1970 791 in
2017 730 2326 810 periheliO.
2417 732 2577 808 Quae

149 831 276 892 duo
305 841 654 910 repugnant
684 828 843 887 inter
870 849 952 887 se.
1046 826 1151 886 Sic
1182 826 1242 885 in
1284 827 1583 906 principio
1627 828 1785 908 signi
1830 829 2100 909 virginiS,
2134 829 2237 888 ubi
2267 828 2576 909 aphelium

122 928 363 988 'martis
401 928 533 1008 jam
583 938 880 996 versatur,
914 924 1207 983 distantia
1254 924 1413 984 inter
1462 925 1643 985 orbes
1696 927 1906 986 martis
1953 926 2012 986 ἃ
2055 926 2299 987 veneris
2352 940 2448 987 est
2497 927 2576 986 ad

151 1027 507 1087 distantiam
555 1023 894 1084 eorundem
942 1022 1184 1084 orbium
1232 1022 1291 1082 in
1342 1023 1639 1102 principio
1670 1025 1829 1104 signi
1860 1025 2118 1103 piscium
2162 1037 2230 1084 ut
2276 1026 2576 1085 ternarius

149 1125 229 1185 ad
275 1125 579 1184 binarium
631 1123 882 1192 circiter,
918 1120 978 1181 δε
1025 1132 1353 1199 propterea
1401 1122 1656 1180 materia
1702 1122 1950 1181 vorticis
1999 1123 2156 1182 inter
2202 1123 2381 1181 orbes
2442 1120 2575 1181 illos

149 1226 211 1286 in
241 1224 539 1304 principio
569 1222 829 1302 piscium
860 1221 1049 1281 debet
1092 1241 1230 1279 esse
1275 1218 1543 1281 velocior
1572 1243 1758 1300 quam
1790 1223 1850 1281 in
1882 1223 2180 1300 principio
2223 1222 2479 1302 virginis
2512 1222 2572 1280 in

150 1322 386 1382 ratione
408 1319 655 1382 ternarii
679 1319 759 1379 ad
783 1318 1103 1379 binarium.
1188 1317 1355 1377 Nam
1380 1339 1503 1397 quo
1527 1320 1848 1399 angustius
1873 1332 1968 1379 est
1990 1320 2255 1397 spatium
2281 1340 2390 1397 per
2409 1318 2577 1397 quod

149 1419 370 1481 eadem
402 1418 676 1479 materiae
719 1416 1031 1496 quantitas
1084 1414 1307 1474 eodem
1354 1414 1753 1475 revolutionis
1797 1417 1976 1475 unius
2022 1429 2300 1494 tempore
2345 1415 2576 1484 transit,

149 1539 226 1579 eo
283 1517 499 1598 majori
558 1536 698 1576 cum
756 1512 1086 1574 velocitate
1144 1512 1404 1573 transire
1464 1513 1665 1573 debet.
1784 1515 1981 1594 Igitur
2038 1514 2089 1573 si
2141 1527 2303 1573 terra
2353 1513 2413 1572 in
2467 1513 2581 1571 hac

149 1614 407 1675 materia
436 1611 670 1674 coelesti
703 1610 959 1672 relative
989 1611 1314 1691 quiescens
1345 1611 1424 1670 ab
1456 1633 1530 1671 ea
1559 1611 1913 1683 deferretur,
1950 1611 2009 1671 &
2049 1633 2172 1670 una
2202 1612 2359 1671 circa
2389 1608 2581 1670 solem

156 1709 596 1785 revolveretur,
643 1710 802 1770 foret
845 1709 1026 1789 hujus
1071 1707 1367 1770 velocitas
1421 1709 1481 1768 in
1530 1710 1830 1788 principio
1874 1709 2133 1788 piscium
2178 1709 2257 1768 ad
2303 1707 2581 1789 ejusdem

151 1808 543 1871 velocitatem
617 1809 678 1868 in
751 1807 1053 1887 principio
1110 1807 1368 1887 virginis
1429 1808 1488 1866 in
1543 1808 1778 1867 ratione
1838 1805 2253 1886 sesquialtera.
2394 1805 2582 1864 Unde

150 1906 297 1969 solis
328 1920 532 1968 motus
563 1907 818 1967 diurnus
859 1926 1165 1984 apparens
1207 1905 1268 1964 in
1317 1906 1615 1984 principio
1664 1906 1917 1986 virginis
1967 1906 2160 1985 major
2206 1916 2369 1963 esset
2399 1924 2584 1982 quam

152 2006 527 2067 minutorum
587 2006 924 2085 primorum
983 2003 1393 2083 septuaginta,
1463 2003 1521 2062 81
1583 2004 1641 2062 in
1703 2003 2001 2082 principio
2059 2001 2316 2080 piscium
2386 1999 2585 2058 minor

153 2126 338 2185 quarn
370 2103 747 2164 minutorum
778 2101 1191 2182 quadraginta
1222 2100 1282 2160 Sc
1313 2114 1452 2161 octo
1482 2125 1492 2161 :
1539 2123 1677 2160 curn
1724 2114 1928 2160 tamen
1966 2098 2369 2180 (experientia
2399 2095 2579 2176 teste)

151 2224 459 2282 apparens
513 2203 629 2262 iste
676 2200 823 2262 solis
876 2212 1081 2260 motus
1135 2199 1332 2279 major
1382 2200 1462 2258 sit
1515 2200 1573 2258 in
1628 2199 1926 2277 principio
1974 2197 2230 2276 piscium
2283 2217 2467 2274 quam
2522 2196 2581 2254 in

153 2299 452 2378 principio
482 2299 756 2379 virginiS,
784 2298 844 2358 &
866 2311 1196 2377 propterea
1226 2310 1388 2356 terra
1407 2296 1677 2357 velocior
1697 2298 1754 2356 in
1781 2296 2079 2376 principio
2109 2294 2364 2375 virginis
2395 2315 2581 2372 quam

156 2397 216 2457 in
246 2397 546 2477 principio
594 2397 869 2476 piscium.
966 2397 1187 2475 Itaque
1235 2396 1598 2475 hypothesis
1643 2396 1944 2455 vorticum
1976 2416 2114 2453 cum
2160 2393 2582 2472 phaenomenis

159 2494 583 2555 astronomicis
637 2495 891 2555 omnino
938 2507 1191 2575 pugnat,
1227 2494 1286 2553 ἃ
1339 2515 1462 2554 non
1512 2506 1637 2553 tam
1686 2494 1764 2552 ad
1818 2488 2214 2571 explicandos
2267 2513 2451 2571 quam
2504 2491 2583 2550 ad

155 2594 605 2673 perturbandos
653 2606 857 2653 motus
905 2591 1190 2652 coelestes
1239 2592 1539 2653 conducit.
1650 2591 1983 2668 Quomodo
2034 2612 2182 2650 vero
2236 2602 2437 2650 motus
2486 2589 2583 2648 isti

157 2691 218 2751 in
263 2692 477 2771 spatiis
524 2690 730 2752 liberis
778 2692 911 2751 sine
963 2691 1298 2751 vorticibus
1346 2702 1724 2770 peraguntur
1771 2687 2025 2769 intelligi
2075 2701 2280 2767 potest
2310 2709 2387 2747 ex
2430 2685 2584 2747 libro

157 2789 371 2869 primo,
405 2789 465 2850 &
496 2790 555 2850 in
589 2790 803 2850 mundi
834 2803 1173 2870 systemate
1195 2791 1325 2871 jam
1358 2788 1598 2868 plenius
1629 2787 1962 2849 docebitur.
