2852 4250
192 113 310 172 232
997 97 1115 145 DE
1159 95 1396 147 MOTU
1440 94 1880 146 CORPORUM

189 261 404 342 puncti
452 261 526 321 D
568 274 878 343 augeatur
921 262 1316 323 uniformiter
1358 260 1439 322 ad
1487 260 1747 322 modum
1795 260 2115 341 temporiS,
2155 260 2479 323 decrescet
2522 275 2694 325 recta

189 361 261 420 D
285 360 343 421 C
397 360 458 420 in
509 360 751 446 ratione
801 361 1190 443 geometrica
1248 360 1329 422 ad
1392 359 1652 421 modurn
1706 356 2076 432 velocitatis,
2127 359 2190 421 8c
2237 372 2450 441 partes
2503 375 2692 425 rectae

189 461 259 521 A
290 460 348 522 C
386 459 736 542 aequalibus
768 461 1160 542 temporibus
1191 459 1528 541 descriptae
1559 459 1930 520 decrescent
1960 459 2024 520 in
2055 459 2283 521 eadem
2314 461 2573 524 ratione.

585 767 1223 831 PROPOSITIO
1304 767 1452 829 ΙΙΙ.
1574 764 2155 827 PROBLEMA
2238 765 2291 829 1..

196 938 508 1018 Corporis,
570 940 686 1012 cui,
747 939 900 1000 dum
959 940 1030 1000 in
1090 939 1283 1000 medio
1340 938 1627 1000 similari
1681 945 1846 998 recta
1903 936 2176 998 ascendit
2231 937 2332 997 vel
2374 936 2691 1012 descendit,

276 1052 596 1114 resistitur
657 1054 727 1114 z'n
787 1053 1030 1114 ratione
1100 1052 1451 1125 velocitatis,
1511 1051 1791 1134 quodque
1844 1052 1922 1113 ab
1995 1050 2318 1132 unfformz'
2373 1051 2700 1134 gravitate

274 1175 556 1248 urgetur,
590 1167 853 1248 definire
880 1175 1130 1229 motum.

305 1364 589 1447 Corpore
663 1367 1067 1443 ascendente,
1147 1379 1509 1448 exponatur
1576 1366 1860 1449 gravitas
1935 1385 2051 1445 per
2122 1362 2344 1424 datum
2419 1362 2694 1444 quodvis

190 1465 623 1548 rectangulum
653 1468 721 1528 B
738 1469 807 1528 A
839 1469 1005 1544 CH,
1056 1467 1117 1529 ἃ
1150 1467 1509 1529 resistentia
1540 1466 1731 1527 medii
1767 1465 1944 1527 initio
1975 1484 2275 1525 ascensus
2306 1484 2422 1544 per
2451 1475 2692 1524 rectan-
2754 1484 2757 1487 ’

187 1565 406 1649 gulum
465 1569 622 1630 BA
652 1570 817 1630 DE
872 1582 1197 1650 sumptum
1258 1568 1341 1628 ad

188 1668 531 1728 contrarias
606 1683 819 1750 partes
895 1683 1084 1731 rectae
1157 1670 1226 1730 A
1257 1670 1338 1730 B.

190 1767 597 1849 Asymptotis
687 1769 1068 1853 rectangulis
1155 1770 1225 1830 A
1275 1770 1342 1842 C,

194 1867 348 1935 CH,
374 1890 490 1948 per
518 1882 824 1949 punctum
856 1871 923 1930 B
952 1870 1347 1932 describatur

188 1966 537 2047 hyperbola
610 1991 833 2032 secans
893 1969 1348 2052 perpendicula

187 2067 340 2139 DE,
366 2068 447 2128 de
474 2068 536 2128 in
575 2070 649 2142 G,
664 2091 741 2151 g‚·
773 2070 834 2131 &
865 2092 1092 2152 corpus
1126 2090 1343 2131 ascen-

188 2168 402 2230 dendo
435 2182 722 2250 tempore
752 2172 1006 2254 Dng
1028 2171 1347 2233 describet
1430 2200 1469 2240 E

187 2269 461 2348 spatium
492 2272 562 2330 E
568 2271 708 2353 (ᾖξε,
745 2285 1033 2353 tempore
1064 2271 1339 2333 DGBA
1391 2327 1433 2364 G

187 2370 461 2450 spatium
493 2394 794 2434 ascensus
838 2374 1032 2435 totius
1063 2373 1133 2433 E
1158 2373 1218 2434 G
1240 2372 1349 2442 B,-

185 2483 472 2551 tempore
532 2474 602 2534 A
627 2474 694 2533 B
710 2474 793 2534 K
804 2475 854 2535 J
906 2475 1183 2556 spatium
1237 2474 1347 2534 de·
1419 2491 1458 2530 n
1585 2496 1637 2552 d
2196 2492 2219 2530 1

184 2592 443 2631 scensus
473 2573 539 2632 B
556 2573 627 2633 F
633 2574 726 2649 K
759 2587 953 2655 atque
984 2588 1272 2656 tempore
1303 2579 1351 2637 l
1362 2578 1445 2638 K
1454 2577 1549 2638 k·
1519 2601 1542 2639 z
1588 2577 1864 2658 spatium
1896 2576 2242 2637 descensus
2272 2575 2355 2635 K
2364 2575 2436 2635 F
2424 2572 2492 2655 f
2497 2574 2587 2646 k
2632 2573 2694 2635 &

182 2668 552 2732 velocitates
612 2674 892 2754 corporis
971 2673 1372 2758 (resistentiae
1447 2677 1639 2739 medii
1716 2673 2246 2758 proportionales)
2326 2674 2389 2735 in
2465 2674 2690 2736 horum

186 2781 542 2851 temporum
590 2774 867 2853 periodis
914 2789 1100 2836 erunt
1142 2778 1213 2836 A
1243 2778 1309 2837 B
1331 2778 1506 2853 ED,
1540 2778 1609 2838 A
1638 2779 1705 2839 B
1726 2800 1757 2839 e
1777 2778 1833 2850 d,
1869 2776 2057 2853 nulla,
2090 2777 2160 2838 A
2186 2776 2406 2849 BFJ,
2438 2776 2509 2837 A
2533 2775 2699 2856 sz‘

184 2871 570 2950 respective;
617 2887 810 2954 atque
842 2876 1120 2936 maxima
1150 2875 1470 2951 velocitas,
1505 2901 1697 2959 quarn
1729 2900 1958 2959 corpus
1996 2875 2449 2938 descendendo
2479 2888 2693 2957 potest

182 2970 526 3049 acquirere,
561 2972 679 3033 erit
708 2974 775 3033 B
790 2974 859 3034 A
896 2975 1060 3037 CH.
1095 3026 1097 3029 .
2198 2993 2204 2998 ’

303 3069 689 3131 Resolvatur
732 3074 902 3133 enim
951 3075 1387 3159 rectangulum

180 3167 249 3227 B
265 3168 334 3228 A
366 3169 524 3230 CH
560 3171 622 3230 in
663 3172 1029 3255 rectangula
1060 3175 1390 3237 innumera

180 3268 250 3327 A
276 3267 332 3339 k,
366 3269 448 3328 K
459 3269 499 3339 l,
532 3269 593 3328 L
617 3291 696 3342 m,
729 3271 825 3330 M
838 3294 897 3343 n,
933 3271 1046 3334 &o
1082 3296 1227 3355 quae
1258 3276 1387 3337 sint

181 3380 251 3428 ut
282 3368 669 3429 incrementa
692 3368 1097 3433 velocitatum
1130 3375 1386 3455 aequali-

180 3468 300 3528 bus
333 3468 598 3529 totidem
644 3471 1036 3550 temporibus
1078 3473 1277 3550 facta;
1327 3477 1389 3538 &

181 3581 368 3629 erunt
421 3568 589 3641 nihil,
636 3571 706 3630 A
730 3572 787 3642 k,
834 3572 903 3631 A
931 3573 971 3644 l,
1018 3574 1088 3633 A
1113 3596 1193 3647 m,
1226 3577 1295 3635 A
1327 3599 1386 3650 n,

183 3667 294 3730 &c
329 3681 399 3729 ut
429 3667 800 3731 velocitates
826 3683 993 3744 totae,
1021 3686 1214 3754 atque
1245 3675 1390 3738 ideo

184 3768 322 3850 (per
386 3768 796 3853 hypothesin)
870 3784 940 3833 ut
1015 3774 1389 3838 resistentiae

177 3868 368 3931 medii
395 3869 704 3952 principio
729 3872 1122 3956 singulorum
1144 3888 1387 3959 tempo-
