2846 4224
1021 104 1138 154 DE
1171 102 1409 154 MOTU
1441 98 1884 153 CORPORUM

196 303 313 366 per
347 289 402 364 p
455 277 709 364 agendo
762 287 999 339 rectam
1049 270 1363 335 infinitam
1399 276 1506 350 pe
1554 263 1675 348 ipsi
1721 263 1780 325 S
1795 262 1862 324 P
1894 260 1962 323 T
1994 257 2376 343 parallelam,
2424 258 2489 323 &
2529 258 2594 321 in
2624 281 2704 323 ea
2799 214 2831 355 i,

199 379 511 465 capiendo
557 398 812 459 semper
844 384 900 458 p
923 397 955 437 e
1002 370 1314 456 aequalem
1365 370 1534 439 Pr,·
1587 365 1649 428 81
1692 361 1946 447 agendo
1992 372 2196 423 rectas
2235 360 2304 422 B
2323 381 2367 433 e,
2405 358 2524 422 Cr
2555 379 2709 422 con-2*

200 478 639 544 currentes·in
690 477 749 540 d.
869 475 1042 537 Nam
1095 494 1238 535 cum
1291 470 1419 532 sint
1461 468 1592 530 Pr
1630 464 1713 527 ad
1757 465 1883 537 Pt,
1929 463 1996 524 P
2023 462 2093 524 R
2136 460 2220 523 ad
2262 461 2329 523 P
2363 460 2595 542 Τ,ρΒ
2622 459 2708 523 ad

203 585 269 646 P
289 584 371 655 B,
389 590 443 663 p
466 603 498 643 e
524 578 606 641 ad
637 579 702 639 P
724 586 755 640 t
796 576 858 638 in
906 574 1133 637 eadem
1180 571 1423 634 ratione
1450 593 1461 643 ;
1509 579 1695 629 erunt
1723 573 1778 646 p
1801 587 1833 626 e
1875 562 1937 625 &
1965 563 2032 624 P
2054 584 2097 623 r
2122 582 2377 643 semper
2405 557 2702 643 aequales.
2833 571 2836 582 ’

210 683 359 745 Hac
388 679 693 744 methodo
723 689 958 759 puncta
987 671 1360 758 trajectoriae
1393 668 1802 732 inveniuntur
1829 663 2324 746 expeditissime,
2352 661 2471 724 nisi
2502 661 2710 724 mavi‘s

206 803 480 854 curvam,
513 793 585 842 ut
616 780 677 841 in
710 773 1177 841 constructione
1207 770 1504 842 secunda,
1538 767 1898 830 describere
1929 763 2310 827 mechanice.

467 986 1106 1052 PROPOSITIO
1179 983 1495 1047 XXIII.
1640 978 2216 1042 PROBLEMA
2292 978 2453 1042 XV.

222 1149 287 1210 T
278 1146 673 1230 rajectorz'am
723 1143 1065 1219 describere,
1117 1164 1255 1225 quae
1289 1148 1419 1222 per
1463 1138 1618 1201 data
1668 1143 1948 1219 quatuor
1971 1142 2219 1216 puncta
2263 1134 2581 1212 transibit,
2632 1135 2716 1203 ὦ*

884 1253 1111 1307 rectam
1140 1242 1450 1324 continget
1460 1239 1771 1323 positione
1794 1237 2030 1300 datam.

329 1380 466 1443 CaS.
525 1400 572 1440 1.
627 1378 882 1440 Dentur
925 1390 1194 1459 tangens
1238 1375 1328 1437 H
1335 1375 1417 1447 B,
1466 1385 1771 1455 punctum
1817 1382 2146 1432 contactus
2189 1369 2271 1442 B,
2322 1367 2385 1431 &
2429 1365 2553 1430 alia
2595 1367 2829 1437 tria

208 1494 444 1564 puncta
481 1480 546 1553 C,
579 1479 666 1552 D,
697 1479 775 1543 P.
883 1478 1097 1560 Junge
1141 1477 1208 1538 B
1232 1476 1299 1549 C,
1335 1475 1397 1538 ἃ
1442 1474 1696 1558 agendo
1739 1473 1808 1535 P
1825 1473 1884 1534 S
1908 1468 2276 1553 parallelam
2307 1484 2498 1534 rectae
2527 1470 2595 1532 B
2615 1470 2713 1545 H,

211 1582 275 1644 &
323 1582 390 1645 P
414 1581 472 1658 Q
520 1576 882 1662 parallelam
929 1591 1117 1641 rectae
1170 1579 1237 1640 B
1264 1578 1330 1651 C,
1379 1572 1629 1658 comple
1675 1570 2338 1658 parallelogrammum
2381 1571 2450 1633 B
2473 1571 2532 1632 S
2547 1571 2613 1632 P
2634 1570 2710 1648 Q.
2828 1622 2832 1661 .·

206 1682 362 1766 Age
391 1681 552 1743 BD
580 1694 903 1742 secantem
943 1681 1001 1741 S
1017 1681 1082 1741 P
1114 1680 1175 1741 in
1222 1678 1289 1753 T,
1326 1677 1387 1740 &
1423 1678 1481 1740 C
1498 1677 1571 1738 D
1598 1688 1922 1738 secantem
1952 1674 2020 1736 P
2044 1673 2103 1751 Q
2136 1673 2199 1735 in
2231 1673 2312 1737 R.
2397 1672 2714 1756 Denique,
2812 1665 2832 1747 ’ᾗ

218 2970 470 3055 agendo
523 2968 816 3052 quamvis
877 2974 970 3028 tr
1026 2966 1144 3047 ipsi
1218 2965 1283 3026 T
1292 2965 1362 3026 R
1421 2964 1802 3047 parallelam,
1858 2967 1941 3030 de
1999 2967 2166 3046 PQ,
2220 2969 2368 3032 PS
2420 2955 2733 3033 abscinde

216 3074 358 3146 Pr,
400 3072 518 3134 Pt
567 3070 720 3152 ipsis
765 3069 936 3141 PR,
969 3069 1034 3129 P
1068 3067 1134 3128 T
1167 3066 1672 3165 proportionales
1714 3069 2105 3151 respective;
2160 3070 2223 3133 ἃ
2259 3086 2542 3134 actarum
2593 3073 2652 3136 C
2668 3094 2732 3146 r,

215 3175 336 3237 Bt
399 3193 741 3235 concursus
806 3171 856 3231 d
920 3169 1060 3252 (per
1124 3166 1266 3231 lem.
1337 3168 1477 3254 xx.)
1552 3171 1787 3234 incidet
1818 3183 1830 3268 ς’
1853 3188 2109 3254 semper
2174 3172 2237 3235 in
2301 3163 2724 3258 trajectoriam
2795 3218 2804 3227 -

220 3271 722 3335 describendam.

1255 3371 1433 3433 Idem
1480 3373 1682 3436 aliter.

342 3487 741 3552 Revolvatur
763 3500 898 3549 tum
929 3485 1202 3570 angulus
1234 3488 1672 3572 magnitudine
1704 3488 1892 3571 datus
1929 3489 1988 3552 C
2002 3490 2071 3550 B
2091 3490 2181 3552 H
2202 3489 2367 3553 circa
2396 3487 2618 3574 polum·
2642 3439 2740 3565 B,

219 3604 357 3653 tum
388 3590 602 3652 radius
634 3586 900 3671 quilibet
930 3586 1288 3650 rectilineus
1321 3589 1383 3651 &
1427 3590 1725 3673 utrinque
1754 3589 2103 3673 productus
2133 3592 2207 3653 D
2235 3593 2294 3655 C
2316 3592 2481 3655 circa
2510 3587 2727 3677 polum

224 3707 292 3770 C.
371 3705 746 3768 .Notentur
818 3715 1055 3785 puncta
1111 3704 1219 3780 M,
1271 3704 1368 3778 N,
1430 3704 1494 3768 in
1566 3705 1798 3788 quibus
1856 3705 2074 3790 anguli
2133 3729 2276 3770 crus
2333 3708 2403 3770 B
2430 3708 2491 3771 C
2552 3718 2730 3771 secat

218 3806 465 3869 radium
513 3803 703 3887 illum,
736 3804 845 3866 ubi
898 3825 1040 3866 crus
1085 3802 1354 3867 alterum
1397 3806 1577 3869 BH
1612 3808 1927 3870 concurrit
1970 3827 2115 3870 cum
2159 3807 2392 3871 eodem
2436 3807 2618 3871 radi'o
2661 3806 2726 3869 in

220 3905 469 3993 punctis
499 3907 566 3972 P
597 3904 659 3968 &
688 3905 774 3967 D.
900 3902 1159 3966 Deinde
1204 3905 1286 3966 ad
1331 3917 1539 3969 actam
1586 3907 1896 3974 infinitam
1940 3911 2134 3975 MN
2170 3923 2547 3975 concurrant
2582 3929 2740 3993 per--¹
