2852 4250
460 79 483 107 Ι

1027 114 1263 163 LIBER
1298 110 1719 162 SECUNDUS,
2492 130 2525 189 3
2534 130 2567 189 3
2582 132 2602 172 Ι

132 287 468 350 'foramine
525 286 816 348 deorsum
875 303 1062 363 quam
1115 301 1338 360 corpus
1389 279 1671 340 cadendo
1716 300 1754 338 a
1799 276 2058 337 dimidio
2107 275 2447 338 altitudinis
2497 280 2610 340 [Ζ

166 386 484 466 acquirere
541 394 786 464 potest:
846 379 1141 440 velocitas
1199 390 1407 438 autem
1465 388 1789 436 cataractae
1840 374 2160 452 utriusque
2209 373 2485 433 cadentis
2532 396 2607 434 ea

169 484 285 545 erit
335 484 397 543 in
446 481 749 543 foramine
791 479 937 549 EF,
986 497 1174 556 quam
1218 494 1442 554 corpus
1486 471 1768 532 cadendo
1819 471 1898 530 ab
1949 470 2271 530 altitudine
2319 481 2451 530 tota
2495 472 2608 530 JG

171 593 462 660 acqulret.

289 679 420 739 Cas,
479 697 531 737 2.
596 675 665 735 Si
723 674 1002 735 foramen
1060 670 1129 729 E
1150 670 1220 728 F
1275 688 1399 747 non
1466 667 1546 726 sit
1611 666 1672 725 in
1739 665 1946 725 medio
2012 663 2185 723 fundi
2253 663 2439 735 vasiS‚
2501 663 2612 723 sed

171 775 435 837 fundum
491 772 635 833 alibi
701 769 1084 850 perforetur:
1158 788 1322 846 aqua
1386 764 1597 825 effluet
1660 763 1880 824 eadem
1947 782 2087 822 eum
2147 758 2480 820 velocitate
2542 744 2642 819 ac⁴

113 905 119 910 ·
174 874 357 955 priuS‚
411 872 463 931 si
516 869 704 930 modo
756 867 977 928 eadem
1029 866 1109 925 sit
1158 864 1474 925 foraminis
1523 861 1901 942 magnitudo.
2016 859 2184 918 Nam
2241 879 2435 938 grave
2487 878 2610 916 ma-

164 971 286 1054 jori
359 968 611 1049 quidem
684 978 966 1043 ternpore
1038 961 1362 1022 descendit
1432 959 1512 1020 ad
1593 957 1857 1018 eandem
1938 954 2421 1034 profunditatem
2503 974 2614 1032 per
2690 950 2695 955 ’

173 1067 399 1129 lineam
459 1064 774 1144 obliquam
835 1082 1023 1141 quam
1088 1081 1200 1138 per
1256 1057 1482 1117 lineam
1543 1052 2130 1135 perpendicularem,
2181 1051 2291 1111 sed
2360 1050 2612 1110 descen-

171 1166 382 1227 dendo
439 1163 704 1225 eandem
756 1158 1150 1222 velocitatem
1202 1155 1463 1235 acquirit
1523 1154 1583 1213 in
1643 1165 1906 1231 utroque
1964 1171 2125 1220 casu,
2186 1162 2255 1208 ut
2318 1148 2617 1208 Galz'loeus

177 1261 642 1325 demonstravit.

295 1363 428 1422 Cas,
468 1380 518 1438 3.
571 1357 816 1418 Eadem
846 1368 943 1416 est
985 1375 1166 1433 aquae
1197 1350 1493 1411 velocitas
1523 1347 1829 1410 effluentis
1875 1367 1986 1425 per
2014 1344 2289 1404 foramen
2328 1342 2389 1401 in
2425 1340 2618 1400 latere

0 1485 24 1550 ζ
177 1460 359 1522 vasis,
455 1458 624 1518 Nam
671 1456 722 1516 si
769 1455 1046 1516 foramen
1095 1470 1356 1531 parvum
1388 1449 1483 1518 sit,
1516 1459 1585 1506 ut
1630 1442 2018 1506 intervallum
2065 1442 2222 1500 inter
2265 1438 2619 1518 superficies

0 1547 37 1693 ξ’·
179 1559 246 1619 A
259 1559 324 1618 B.
370 1557 430 1618 &
475 1557 555 1616 K
556 1556 617 1616 L
668 1553 874 1634 quoad
923 1571 1175 1611 sensum
1223 1558 1573 1620 evanescat,
1623 1544 1684 1603 &
1727 1562 1891 1602 vena
1937 1560 2116 1618 aquae
2164 1535 2622 1597 horizontaliter

176 1655 482 1717 exilientis
507 1654 769 1735 figuram
801 1648 1214 1731 parabolicam
1239 1646 1522 1706 efformet
1548 1666 1559 1704 :
1598 1664 1677 1702 ex
1700 1640 1891 1700 latere
1916 1651 2081 1698 recto
2105 1636 2286 1716 hujus
2311 1632 2619 1714 parabolae

176 1753 511 1836 colligetur,
545 1751 714 1832 quod
745 1748 1041 1810 velocitas
1072 1767 1252 1825 aquae
1283 1742 1589 1803 effluentis
1621 1761 1696 1799 ea
1726 1739 1806 1797 sit
1850 1757 2036 1815 quam
2069 1755 2289 1812 corpus
2320 1732 2398 1790 ab
2443 1752 2621 1809 aquae

11 1864 40 1949 f
177 1854 238 1914 in
270 1875 419 1914 vase
450 1850 795 1933 stagnantis
826 1845 1149 1907 altitudine
1179 1842 1329 1901 HG
1359 1838 1458 1900 vel
1489 1839 1535 1897 l
1545 1838 1603 1897 G
1633 1835 1913 1896 cadendo
1945 1832 2259 1911 acquirere
2300 1828 2616 1908 potuisset.

182 1953 377 2013 Facto
423 1952 636 2030 utique
683 1947 1110 2027 experimento
1160 1939 1368 2000 inveni
1417 1936 1604 2017 quod,
1649 1935 1698 1994 si
1748 1932 2006 1992 altitudo
2051 1950 2230 2008 aquae
2278 1926 2622 2007 stagnantis

177 2073 364 2132 supra
413 2050 690 2111 foramen
738 2058 904 2107 esset
950 2041 1171 2123 viginti
1230 2038 1566 2118 digitorum
1628 2033 1687 2093 &
1746 2030 2005 2091 altitudo
2063 2026 2377 2087 foraminis
2436 2045 2623 2102 supra

177 2148 431 2229 planum
490 2145 791 2208 horizonti
851 2138 1210 2222 parallelum
1262 2148 1428 2197 esset
1486 2153 1736 2212 quoque
1787 2128 2007 2209 viginti
2060 2125 2408 2206 digitorum,
2463 2142 2625 2181 vena

178 2269 358 2328 aquae
388 2244 760 2326 prosilientis
793 2241 1088 2303 incideret
1119 2239 1177 2297 in
1211 2234 1465 2315 planum
1499 2231 1645 2291 illud
1678 2228 1757 2289 ad
1789 2225 2143 2286 distantiam
2174 2221 2508 2301 digitorum
2543 2236 2618 2295 37

179 2347 418 2408 circiter
446 2367 483 2405 a
512 2339 954 2424 perpendiculo
985 2337 1153 2418 quod
1200 2336 1260 2395 in
1308 2332 1561 2413 planum
1608 2327 1754 2388 illud
1787 2348 1824 2385 a
1853 2322 2151 2384 foramine
2182 2318 2623 2379 demittebatur

171 2458 440 2524 captam.
537 2442 705 2502 Nam
757 2441 889 2501 sine
942 2433 1305 2503 resistentia,
1355 2451 1519 2490 vena
1566 2425 1834 2486 incidere
1886 2420 2203 2482 debuisset
2255 2418 2315 2476 in
2369 2414 2620 2494 planum

178 2541 326 2603 illud
374 2542 453 2602 ad
499 2539 856 2600 distantiam
904 2536 1239 2617 digitorum
1288 2550 1385 2606 40,
1437 2527 1741 2588 existente
1789 2541 1967 2582 venae
2016 2514 2383 2598 parabolicae
2430 2511 2621 2572 latere

179 2658 347 2705 recto
377 2643 712 2724 digitorum
746 2644 841 2701 80.

296 2742 430 2802 Cas.
465 2761 520 2817 4.
573 2738 934 2817 Quinetiam
965 2755 1128 2815 aqua
1158 2732 1432 2799 effluens
1467 2728 1516 2787 si
1564 2744 1806 2785 sursum
1851 2720 2094 2788 feratur,
2128 2714 2348 2775 eadem
2379 2710 2619 2792 egredi-

180 2855 280 2902 tur
308 2862 448 2901 cum
478 2837 819 2900 velocitate.
912 2831 1220 2894 Ascendit
1263 2829 1429 2890 enim
1474 2846 1653 2904 aquae
1687 2819 1991 2883 exilientis
2022 2836 2184 2875 vena
2228 2832 2420 2892 parva
2451 2820 2621 2868 motu

181 2936 670 3020 perpendiculari
729 2935 809 2995 ad
868 2955 1049 3012 aquae
1116 2932 1177 2991 in
1237 2950 1388 2989 vase
1447 2921 1793 3004 stagnantis
1860 2915 2247 2977 altitudinem
2312 2908 2473 2969 GH
2521 2905 2622 2966 vel

114 3025 115 3028 Ἴ
187 3038 247 3098 G
264 3038 320 3109 l,
375 3037 490 3097 nisi
544 3047 848 3115 quatenus
896 3051 1189 3092 ascensus
1242 3028 1375 3108 ejus
1427 3024 1506 3084 ab
1558 3021 1716 3081 aeris
1770 3013 2119 3077 resistentia
2176 3003 2622 3087 aliquantulum

183 3136 586 3215 impediatur;
632 3155 704 3194 ac
748 3130 1009 3212 proinde
1053 3150 1129 3190 ea
1172 3126 1366 3187 effluit
1410 3143 1550 3182 cum
1581 3117 1910 3179 velocitate
1955 3131 2142 3191 quam
2178 3108 2257 3167 ab
2302 3103 2623 3165 altitudine

180 3233 282 3296 illa
310 3233 591 3294 cadendo
620 3231 935 3311 acquirere
964 3226 1283 3307 potuisset.
1379 3222 1586 3300 Aquae
1618 3212 1962 3295 stagnantis
2007 3204 2302 3289 particula
2332 3221 2621 3280 unaquae-

183 3354 307 3413 que
350 3331 624 3411 undique
686 3329 986 3409 premitur
1029 3322 1351 3404 aequaliter
1412 3319 1548 3399 (per
1592 3335 1763 3395 prop.
1810 3330 1923 3370 xlx
1961 3307 2059 3367 lib.
2108 3304 2167 3386 2)
2219 3303 2278 3363 ἆ
2322 3297 2619 3380 pressioni

183 3429 464 3491 cedendo
509 3427 731 3507 aequali
778 3427 1011 3505 impetu
1059 3424 1120 3483 in
1167 3439 1386 3482 omnes
1432 3427 1641 3495 partes
1693 3410 1903 3482 fertur,
1954 3407 2088 3466 sive
2132 3399 2470 3462 descendat
2513 3415 2623 3473 per

182 3529 460 3591 foramen
493 3529 553 3587 in
583 3525 778 3586 fundo
808 3523 993 3594 vasis,
1025 3521 1160 3581 sive
1191 3512 1652 3578 horizontaliter
1680 3508 1892 3569 effluat
1937 3525 2046 3584 per
2074 3502 2352 3562 foramen
2398 3496 2457 3554 in
2490 3493 2620 3571 ejus

181 3628 388 3698 latere,
448 3626 582 3686 sive
639 3623 993 3704 egrediatur
1051 3620 1112 3679 in
1170 3614 1448 3677 canalem
1509 3611 1569 3671 &
1630 3607 1773 3668 inde
1831 3602 2126 3664 ascendat
2182 3618 2293 3677 per
2342 3594 2614 3654 foramen

186 3746 447 3807 parvum
492 3723 552 3782 in
585 3721 899 3800 superiore
929 3715 1156 3778 canalis
1202 3726 1375 3794 parte
1414 3711 1661 3770 factum.
1756 3704 1843 3763 Et
1873 3698 2262 3761 velocitatem
2307 3711 2431 3770 qua
2459 3706 2620 3764 aqua

188 3824 380 3885 effluit
423 3842 562 3882 eam
593 3841 744 3891 esse,
779 3838 965 3897 quam
1012 3815 1072 3875 in
1117 3813 1232 3874 hac
1277 3807 1696 3890 propositione
1742 3795 2209 3877 assignavimus
2254 3808 2374 3848 non
2420 3782 2618 3844 solum
