2852 4250
1513 0 1587 10 ἡω--κ
1694 0 1755 24 χχ·
1775 0 1798 24 ι·
1827 0 1976 15 -ut-z·

173 108 299 169 394
953 99 1070 150 DE
1107 100 1398 155 MUNDJ
1429 66 1788 160 sysrzua
1796 82 1928 163 ΤΕ

882 337 1779 409 PHAENOMENON
1861 349 1959 413 V.

162 484 472 549 Planetas
483 488 845 586 primarios
874 491 1079 556 radiz‘s
1105 494 1198 555 aa'
1218 503 1462 558 terram
1488 497 1693 562 a'nctis
1719 522 1902 566 areas
1928 503 2261 573 descm‘bere
2299 516 2682 596 temporibus
2718 550 2722 555 ·

247 599 508 662 minime
515 604 1028 684 proportionales
1045 633 1073 679 ,·
1115 616 1188 669 at
1229 610 1435 673 radiis
1475 612 1571 674 aa'
1601 614 1788 676 solem
1829 616 2035 684 ductz's
2075 643 2259 688 areas
2300 631 2679 711 temporibus
2771 611 2776 616 ,

228 715 740 794 proportionales
751 726 1151 800 percurrere.
2727 718 2730 722 Δ

277 881 450 943 Nam
499 898 791 966 respectu
841 899 1027 950 terrae
1088 910 1257 953 nunc
1307 896 1819 978 progrediuntur,
1875 921 2043 965 nunc
2097 906 2449 972 stationarii
2503 927 2670 990 sunt,

157 1000 325 1042 nunc
373 981 565 1043 etiam
618 985 1105 1067 regrediuntur:
1176 990 1273 1053 At
1319 993 1471 1056 solis
1520 1011 1814 1080 respectu
1859 1022 2118 1084 semper
2158 1009 2670 1091 progrediuntur,
2775 1044 2785 1053 ·

154 1079 348 1161 idque
399 1085 869 1163 propemodum
917 1089 1216 1154 uniformi
1269 1115 1414 1156 cum
1469 1111 1664 1173 motu,
1715 1100 1832 1163 sed
1884 1101 2079 1183 paulo
2139 1105 2405 1171 celerius
2454 1123 2671 1177 tamen
2784 1114 2786 1118 ’

154 1179 228 1240 in·
278 1180 599 1261 periheliis
659 1206 735 1247 ac
795 1187 1037 1252 tardius
1098 1190 1162 1252 in
1223 1192 1507 1275 apheliis‚
1571 1198 1662 1260 sic
1722 1213 1794 1262 ut
1845 1223 2138 1266 arearum
2198 1209 2530 1291 aequabilis
2589 1215 2675 1279 sit

151 1278 509 1363 descriptio,
609 1284 969 1368 Propositio
1015 1303 1114 1353 est
1158 1297 1543 1359 astronomis
1590 1300 1938 1377 notissima,
1974 1302 2036 1366 &
2082 1304 2146 1366 in
2179 1306 2338 1390 jove
2382 1312 2672 1394 apprime
2779 1302 2782 1306 ⁵

151 1380 625 1446 demonstratur
653 1408 770 1467 per
814 1387 1082 1472 eclipses
1128 1394 1488 1471 satellitum,
1523 1399 1755 1481 quibus
1801 1401 2143 1485 eclipsibus
2189 1406 2671 1478 heliocentricas

149 1480 423 1563 planetae
455 1484 641 1569 hujus
673 1486 1104 1573 longitudines
1138 1494 1200 1557 &
1231 1496 1567 1562 distantias
1598 1523 1637 1563 a
1667 1502 1803 1566 sole
1827 1504 2235 1572 determinari
2266 1511 2559 1579 diximus.

851 1733 1741 1806 PHAENOMENON
1824 1747 1968 1811 VI.

147 1878 412 1942 Lunam
443 1882 626 1945 raa'io
655 1885 748 1946 aa'
782 1897 1067 1952 centrum
1112 1899 1306 1955 terrae
1345 1896 1526 1959 ducto
1569 1921 1784 1962 aream
1831 1905 2099 1985 tempori
2119 1911 2667 1990 proportionalem

1233 1994 1578 2061 describere.

266 2132 451 2198 Patet
498 2158 580 2198 ex
632 2136 801 2202 lunae
858 2156 1035 2205 motu
1089 2163 1440 2229 apparente
1493 2174 1638 2215 cum
1692 2155 1891 2238 ipsius
1945 2157 2259 2224 diametro
2312 2180 2663 2246 apparente

144 2229 390 2296 collato.
520 2236 935 2303 Perturbatur
979 2258 1194 2308 autem
1241 2262 1453 2312 motus
1499 2250 1736 2318 lunaris
1784 2257 2249 2342 aliquantulum
2295 2288 2335 2328 a
2378 2269 2444 2331 vi
2489 2268 2658 2346 soliS‚

143 2332 258 2393 sed
290 2355 574 2398 errorum
607 2339 1006 2407 insensibiles
1037 2347 1338 2413 minutias
1370 2352 1434 2414 in
1466 2352 1641 2418 hisce
1670 2357 2114 2438 phaenomenis
2145 2365 2418 2452 negligo,
