2852 4250
0 1667 24 1829 Ξ

0 1959 26 2005 5

1162 185 1400 233 LIBER
1432 185 1743 234 PRIMUS.
1822 267 1827 271 .
2558 214 2578 253 1
2597 212 2671 270 79

233 347 417 433 cipes,
463 347 761 412 recedunt
803 347 1078 409 tardius:
1124 347 1405 427 ideoque,
1451 368 1701 427 semper
1749 345 1851 407 vel
1903 350 2262 430 retrogradi,
2309 352 2408 412 vel
2461 357 2670 418 statio-

235 450 387 511 narii
417 441 674 529 singulis
705 444 1193 507 revolutionibus
1222 445 1547 505 feruntur
1531 465 1593 504 m
1624 444 2072 506 antecedentia.

354 548 551 608 Corol.
596 567 682 609 12.
733 545 972 605 Omnes
1018 541 1154 602 illi
1139 563 1200 602 1n
1237 541 1333 602 his
1365 540 1698 602 corollariis
1729 541 2021 622 descripti
2053 564 2290 605 errores
2319 561 2465 607 sunt
2494 549 2678 628 paulo

232 646 496 727 majores
527 645 588 704 in
619 642 1052 724 conjunctione
1096 661 1423 719 corporum
1466 641 1544 711 Ρ,
1580 641 1645 711 S,
1680 661 1868 720 quam
1899 641 1960 701 in
1992 663 2206 703 eorum
2250 647 2674 724 oppositione;

232 744 421 823 idque
451 742 532 803 ob
563 741 829 822 majores
859 739 1023 799 vires
1051 750 1426 819 generantes
1456 738 1542 797 N
1554 738 1648 796 M
1669 738 1730 797 &
1759 739 1941 802 ML.

348 840 546 901 Corol.
589 858 678 915 13.
745 838 1032 916 Cumque
1084 835 1354 895 rationes
1406 835 1628 896 horum
1676 835 2135 898 corollariorum
2187 860 2312 900 non
2364 842 2680 921 pendeant

229 960 268 999 a
311 936 740 1019 magnitudine
784 933 1056 1014 corporis
1101 934 1168 1005 S,
1207 934 1493 994 obtinent
1535 933 1954 1012 praecedentia
1997 935 2221 1008 omnia,
2254 939 2359 998 ubi
2404 942 2677 1020 corporis

230 1037 288 1096 S
339 1047 514 1096 tanta
569 1034 862 1095 statuitur
917 1032 1298 1114 magnitudo,
1347 1043 1418 1092 ut
1468 1031 1629 1092 circa
1681 1032 1884 1110 ipsum
1937 1032 2294 1094 revolvatur
2351 1058 2676 1117 corporum

230 1133 495 1194 duorum
552 1133 615 1192 T
649 1131 710 1192 &
752 1132 816 1191 Ρ
857 1143 1147 1210 systema.
1272 1130 1360 1190 Et
1411 1151 1491 1190 ex
1538 1142 1722 1190 aucto
1766 1152 2024 1210 corpore
2069 1133 2137 1206 S,
2184 1147 2489 1215 auctaque
2535 1137 2677 1198 ideo

231 1230 424 1310 ipsius
480 1230 544 1291 vi
604 1228 960 1308 centripeta,
1021 1249 1060 1288 a
1117 1249 1242 1307 qua
1299 1249 1540 1289 errores
1600 1229 1873 1307 corporis
1931 1229 1995 1287 Ρ
2050 1229 2345 1304 oriuntur,
2406 1234 2679 1295 evadent

228 1350 468 1390 errores
519 1326 602 1387 illi
654 1347 888 1397 omneS,
934 1326 1187 1405 paribus
1232 1325 1559 1397 distantiiS,
1607 1326 1873 1406 majores
1919 1326 1980 1394 in
2026 1325 2144 1387 hoc
2189 1350 2334 1388 casu
2381 1351 2569 1409 quam
2614 1334 2675 1392 in

226 1425 437 1498 altero,
471 1426 575 1489 ubi
607 1446 829 1506 corpus
859 1425 918 1485 S
941 1425 1169 1485 circum
1199 1436 1477 1503 systema
1507 1445 1835 1502 corporum
1863 1425 1928 1483 Ρ
1958 1412 2019 1484 ἃ
2060 1425 2124 1484 Τ
2143 1426 2496 1490 revolvitur.

345 1526 541 1587 Corol.
587 1544 675 1600 14.
728 1524 890 1584 Cum
920 1537 1129 1583 autem
1159 1522 1324 1582 vires
1354 1522 1439 1581 N
1449 1522 1548 1593 Μ,
1580 1523 1761 1593 ML,
1795 1523 1900 1582 ubi
1932 1545 2154 1603 corpus
2189 1526 2245 1584 S
2269 1523 2678 1607 longinquum

226 1631 338 1695 est,
385 1623 510 1683 sint
552 1621 1027 1702 quamproxime
1070 1633 1141 1680 ut
1183 1621 1279 1681 vis
1324 1621 1381 1680 S
1393 1621 1474 1680 K
1512 1620 1572 1680 &
1612 1620 1769 1681 ratio
1807 1622 1872 1680 Ρ
1901 1621 1965 1680 Τ
1988 1622 2069 1681 ad
2106 1623 2163 1681 S
2188 1624 2253 1682 Τ
2285 1625 2675 1705 conjunctim,

227 1721 346 1782 hoc
389 1733 499 1792 est,
531 1720 582 1780 si
627 1719 811 1779 detur
852 1731 985 1779 tum
1029 1718 1325 1779 distantia
1366 1720 1431 1779 Ρ
1460 1719 1527 1790 T,
1561 1731 1693 1778 tum
1738 1720 2012 1798 corporis
2058 1722 2115 1780 S
2153 1722 2249 1781 vis
2280 1722 2577 1796 absoluta,
2611 1737 2681 1785 ut

226 1820 284 1879 S
308 1820 373 1880 Τ
403 1820 525 1880 cub.
576 1819 920 1898 reciproce;
966 1817 1091 1877 sint
1135 1830 1345 1878 autem
1389 1817 1554 1888 vires
1592 1816 1713 1878 illae
1742 1818 1827 1878 N
1840 1819 1938 1889 M
1970 1820 2132 1878 ML
2167 1842 2370 1880 causae
2401 1843 2677 1883 errorum

228 1919 289 1980 &
333 1919 662 1980 effectuum
707 1916 1000 1987 omnium,
1034 1916 1114 1976 de
1159 1917 1384 1996 quibus
1429 1929 1635 1976 actum
1681 1928 1778 1976 est
1823 1916 1883 1975 in
1935 1918 2431 1995 praecedentibus
2484 1919 2675 1981 corol-

225 2015 431 2077 lariis:
491 2014 886 2075 manifestum
945 2025 1055 2086 est,
1111 2014 1280 2094 quod
1339 2014 1595 2075 effectus
1649 2012 1730 2073 illi
1790 2035 2024 2086 omneS,
2086 2028 2290 2076 stante
2350 2039 2676 2097 corporum

239 2116 303 2175 T
344 2115 405 2175 &
453 2115 518 2175 Ρ
566 2126 920 2193 systemate,
969 2113 1030 2173 &
1073 2112 1325 2171 mutatis
1371 2124 1613 2171 tantum
1658 2112 1956 2172 distantia
2001 2114 2058 2172 S
2082 2115 2146 2173 T
2180 2115 2239 2174 &
2284 2116 2345 2175 vi
2391 2116 2675 2178 absoluta

228 2212 502 2292 corporis
535 2212 600 2283 S,
633 2212 757 2271 sint
801 2210 1274 2291 quamproxime
1306 2210 1366 2268 in
1399 2209 1639 2269 ratione
1684 2211 2028 2288 composita
2064 2233 2142 2271 ex
2173 2214 2411 2275 ratione
2442 2215 2677 2276 directa

224 2311 321 2371 vis
366 2308 666 2370 absolutae
710 2309 983 2388 corporis
1030 2309 1094 2379 S,
1144 2307 1204 2368 &
1248 2308 1487 2367 ratione
1532 2305 1837 2385 triplicata
1883 2307 2130 2369 inversa
2173 2310 2483 2372 distantiae
2520 2313 2576 2372 S
2603 2314 2669 2375 T.

231 2408 423 2468 Unde
467 2407 518 2466 si
563 2419 838 2486 systema
882 2427 1209 2485 corporum
1266 2406 1330 2464 T
1363 2404 1423 2464 ἃ
1466 2406 1529 2463 Ρ
1573 2403 1935 2475 revolvatur,
1974 2407 2134 2466 circa
2169 2430 2391 2488 corpus
2430 2408 2670 2491 longin-

225 2527 418 2586 quum
479 2505 536 2565 S
546 2531 571 2576 ‚·
634 2504 800 2564 vires
870 2502 989 2563 illae
1054 2504 1139 2563 N
1149 2504 1248 2574 M,
1314 2504 1499 2573 ML,
1573 2501 1633 2561 ἃ
1698 2524 1910 2562 earum
1976 2505 2231 2565 effectus
2291 2521 2471 2568 erunt
2539 2509 2675 2590 (per

224 2602 406 2665 corol.
487 2623 518 2662 2
584 2602 644 2662 &
704 2606 757 2673 6,
820 2623 991 2681 prop.
1057 2601 1143 2681 1v)
1208 2601 1519 2680 reciproce
1580 2601 1640 2659 in
1693 2600 2007 2679 duplicata
2066 2604 2303 2664 ratione
2376 2607 2672 2684 temporis

224 2701 535 2783 periodici.
631 2700 719 2760 Et
763 2699 907 2759 inde
952 2699 1154 2770 etiam,
1188 2699 1239 2759 si
1286 2699 1652 2779 magnitudo
1697 2700 1970 2777 corporis
2009 2701 2065 2759 S
2089 2702 2563 2780 proportionalis
2594 2704 2674 2763 sit

223 2802 416 2882 ipsius
467 2799 531 2860 vi
577 2796 894 2870 absolutae,
948 2811 1129 2859 erunt
1178 2798 1343 2858 vires
1397 2796 1516 2857 illae
1567 2798 1651 2857 N
1662 2798 1760 2869 Μ
1810 2797 1989 2869 ML,
2047 2797 2106 2857 &
2158 2820 2370 2859 earum
2416 2801 2670 2862 effectus

222 2901 455 2961 directe
499 2910 569 2958 ut
611 2897 805 2957 cubus
850 2896 1135 2956 diametri
1180 2896 1539 2975 apparentis
1583 2894 1906 2976 longinqui
1938 2897 2210 2975 corporis
2255 2897 2312 2956 S
2343 2919 2378 2957 e
2414 2920 2670 2978 corpore

232 2999 296 3059 T
328 2995 603 3076 spectati,
638 2994 698 3055 &
740 2995 878 3055 vice
921 3016 1118 3056 versa.
1216 2994 1511 3074 Namque
1555 2993 1654 3053 hae
1701 2995 1971 3054 rationes
2016 2994 2256 3055 eaedem
2287 3008 2447 3068 sunt,
2479 3010 2668 3077 atque

221 3096 378 3158 ratio
408 3093 689 3174 superior
718 3093 1077 3171 composita.

336 3193 534 3254 Corol.
593 3208 681 3268 15.
750 3190 838 3250 Et
881 3191 1177 3269 quoniam
1221 3190 1289 3261 si,
1337 3190 1731 3250 manentibus
1775 3191 2017 3251 orbium
2061 3192 2131 3251 E
2148 3192 2285 3251 SE
2328 3192 2387 3252 &
2430 3194 2495 3252 Ρ
2510 3194 2578 3253 Α
2602 3194 2668 3252 B

216 3290 417 3352 forma
473 3288 974 3369 proportionibus
1034 3287 1095 3348 &
1160 3286 1555 3348 inclinatione
1613 3288 1694 3348 ad
1755 3289 2034 3361 invicem,
2097 3303 2371 3351 mutetur
2449 3313 2664 3352 eorum

215 3387 582 3469 magnitudo
626 3386 687 3446 ἃ
730 3386 782 3446 si
827 3407 1154 3465 corporum
1201 3386 1257 3446 S
1297 3385 1357 3445 &
1414 3386 1478 3446 T
1511 3385 1610 3447 vel
1658 3400 1951 3447 maneant
1988 3386 2089 3447 vel
2136 3401 2454 3449 mutentur
2495 3390 2660 3450 vires

219 3487 282 3547 in
354 3486 502 3546 data
559 3485 779 3564 quavis
838 3485 1091 3558 ratione,
1155 3484 1253 3545 hae
1311 3484 1477 3545 vires
1538 3485 1680 3564 (hoc
1738 3498 1848 3556 est,
1909 3486 2005 3546 vis
2070 3488 2343 3566 corporis
2413 3488 2482 3562 T,
2541 3510 2665 3567 qua

217 3605 440 3664 corpus
468 3585 532 3643 P
561 3583 641 3644 de
671 3596 839 3644 recto
870 3583 1116 3642 tramite
1147 3582 1208 3642 in
1240 3582 1505 3643 orbitam
1535 3583 1683 3642 PA
1706 3583 1772 3641 B
1800 3583 2146 3655 deflectere,
2182 3584 2241 3644 &
2264 3585 2363 3644 vis·
2390 3586 2662 3663 corporis

218 3683 285 3754 S,
318 3702 445 3762 qua
486 3703 709 3760 corpus
753 3680 918 3741 idem
961 3681 1025 3740 Ρ
1067 3680 1148 3740 de
1192 3680 1392 3740 orbita
1437 3678 1538 3740 illa
1580 3680 1833 3741 deviare
1877 3681 2141 3763 cogitur)
2186 3694 2381 3762 agunt
2415 3703 2663 3760 semper

217 3779 440 3841 eodem
484 3778 688 3850 modo,
736 3778 797 3839 &
840 3777 1061 3838 eadem
1106 3777 1544 3857 proportione:
1590 3798 1845 3837 necesse
1888 3790 1986 3838 est
2029 3791 2097 3838 ut
2138 3778 2369 3838 similes
2414 3778 2475 3838 &
2516 3800 2656 3858 pro-

215 3872 592 3954 portionales
635 3875 760 3935 sint
801 3875 1057 3937 effectus
1100 3896 1333 3948 omneS,
1367 3874 1428 3935 Sc
1457 3874 1940 3955 proportionalia
1981 3876 2311 3939 effectuum
2342 3889 2623 3955 tempora
2642 3902 2657 3953 ;
