2852 4250
184 120 308 179 402
955 100 1074 152 DE
1107 100 1395 153 MUNDJ
1419 99 1779 153 SYSTEMA
1788 98 1888 152 TE

184 276 302 317 nec
333 252 525 317 refert
554 266 766 317 utrum
797 267 1012 336 partes
1044 252 1166 318 illae
1213 265 1496 317 externae
1527 253 1658 316 sint
1685 250 1790 316 vel
1833 251 2115 316 internae.
2229 251 2404 317 Nam
2433 253 2488 318 si
2517 257 2698 323 verbi
2751 292 2767 331 ·.ἱ

180 354 389 438 gratia
418 376 685 437 corpora
729 354 1065 428 terrestria,
1099 375 1246 436 quae
1289 353 1463 435 apud
1509 373 1628 415 nos
1673 364 1838 426 sunt,
1872 352 1936 414 in
1982 353 2204 416 orbem
2248 352 2417 417 lunae
2461 354 2698 421 elevari
2771 379 2780 399 ²

183 455 523 539 fingantur,
559 455 621 517 &
652 455 1056 518 conferantur
1085 476 1229 516 cum
1261 475 1526 535 corpore
1557 451 1724 515 lunae
1758 476 1771 515 :
1817 453 1871 514 si
1903 452 2130 516 horum
2161 455 2448 536 pondera
2483 469 2701 520 essent
2767 498 2773 504 -

181 556 266 618 ad
296 556 584 638 pondera
612 555 888 638 partium
912 568 1318 617 externarum
1350 552 1518 615 lunae
1550 566 1622 615 ut
1645 554 2033 635 quantitates
2058 555 2341 618 materiae
2366 556 2429 618 in
2453 556 2699 632 iisdem,
2784 565 2800 617 ²,

181 657 266 719 ad
311 657 598 740 pondera
641 678 797 718 vero
849 656 1126 738 partium
1172 655 1563 716 internarum
1612 654 1677 716 in
1724 654 1946 737 majori
1999 653 2103 717 vel
2154 656 2382 718 minori
2435 656 2696 732 ratione,
2788 639 2800 715 ἶ

180 757 391 820 forent
435 757 661 819 eadem
707 756 790 817 ad
836 755 1091 837 pondus
1143 754 1313 817 lunae
1362 755 1557 817 totius
1605 754 1669 816 in
1722 755 1945 839 majori
1977 753 2080 818 vel
2127 755 2354 819 minori
2407 757 2700 821 ratione:
2781 831 2787 836 ⁸

182 871 403 921 contra
433 879 626 939 quam
658 878 851 938 supra
881 868 1210 918 ostensum
1243 868 1356 919 est.

301 958 504 1020 Corol.
551 978 598 1018 1.
657 956 831 1018 Hinc
876 957 1164 1039 pondera
1208 978 1545 1037 corporum
1592 978 1720 1019 non
1752 956 2040 1038 pendent
2084 958 2166 1019 ab
2212 979 2434 1020 eorum
2478 957 2699 1021 formis

181 1057 244 1119 &
274 1057 556 1119 texturis,
655 1057 830 1118 Nam
876 1058 928 1119 si
976 1080 1119 1119 cum
1165 1057 1384 1126 formis
1415 1057 1645 1119 variari
1699 1069 2004 1138 possent;
2051 1057 2261 1121 forent
2306 1058 2548 1141 majora
2595 1057 2700 1121 vel

181 1157 439 1230 minora,
487 1178 605 1238 pro
647 1156 957 1220 varietate
999 1158 1363 1232 formarum,
1417 1158 1480 1219 in
1527 1155 1759 1239 aequali
1804 1157 2111 1220 materia:
2165 1157 2430 1221 omnino
2481 1170 2702 1221 contra

180 1258 660 1340 experientiam.

315 1359 517 1422 Corol.
572 1379 624 1421 2.
695 1359 982 1441 Corpora
1034 1360 1349 1434 universa,
1399 1381 1544 1442 quae
1591 1359 1756 1422 circa
1803 1372 2038 1422 terram
2069 1372 2233 1435 sunt,
2280 1361 2506 1444 gravia
2552 1374 2703 1425 sunt
2806 1433 2811 1443 Α

179 1461 243 1523 in
305 1473 585 1535 terram;
665 1459 726 1521 δε
794 1461 1083 1543 pondera
1149 1460 1451 1534 omnium,
1516 1483 1662 1543 quae
1730 1459 2063 1542 aequaliter
2122 1483 2163 1522 a
2228 1474 2447 1524 centro
2514 1474 2812 1547 terraex,

179 1562 438 1638 distant,
495 1573 644 1622 sunt
697 1574 768 1622 ut
814 1563 1205 1644 quantitates
1259 1562 1541 1623 materi'ae
1598 1562 1660 1622 in
1716 1561 1958 1623 iisdem.
2060 1560 2227 1623 Haec
2279 1574 2379 1623 est
2430 1559 2702 1643 qualitas

179 1662 465 1723 omnium
512 1661 574 1722 in
608 1661 838 1742 quibus
870 1663 1311 1744 experimenta
1356 1662 1686 1724 instituere
1731 1661 1892 1736 licet,
1928 1661 1990 1724 &
2026 1674 2366 1744 propterea
2410 1684 2527 1744 per
2569 1684 2698 1747 reg.

179 1783 253 1825 111
306 1763 390 1825 de
434 1762 747 1824 universis
810 1764 1187 1825 affirmanda
1237 1776 1350 1826 est.
1450 1764 1522 1826 Si
1571 1763 1775 1827 aether
1817 1776 1929 1825 aut
1987 1785 2217 1846 corpus
2265 1762 2438 1826 aliud
2498 1764 2700 1846 quod-

180 1885 433 1945 cunque
506 1861 611 1924 vel
685 1864 1004 1947 gravitate
1079 1864 1343 1927 omnino
1418 1864 1886 1938 destitueretur,
1965 1861 2070 1926 vel
2152 1886 2270 1946 pro
2345 1864 2704 1946 quantitate

180 1965 463 2026 materiae
509 1986 643 2026 suae
696 1965 906 2026 minus
959 1966 1352 2049 gravitaret:
1408 1965 1713 2047 quoniam
1768 1964 1833 2027 id
1891 1963 1998 2048 (ex
2051 1977 2267 2027 mente
2315 1965 2700 2040 Arzktotelzk,

187 2067 463 2131 Cartesz‘z'
518 2067 580 2129 δε
639 2066 931 2149 aliorum)
991 2090 1120 2130 non
1182 2068 1397 2130 differt
1444 2068 1528 2129 ab
1587 2066 1726 2130 aliis
1781 2067 2152 2149 corporibus
2207 2066 2328 2129 nisi
2382 2067 2446 2129 in
2498 2066 2704 2130 forma

182 2168 479 2241 materiae,
529 2180 751 2249 posset
801 2168 971 2230 idem
1034 2190 1150 2249 per
1194 2168 1615 2231 mutationem
1661 2168 1885 2231 formae
1929 2167 2249 2252 gradatim
2295 2167 2703 2230 transmutari
2796 2191 2798 2193 ·
2841 2215 2852 2257 1.

180 2269 243 2330 in
293 2290 521 2350 corpus
554 2268 843 2351 ejusdem
892 2269 1277 2332 conditionis
1325 2291 1469 2330 cum
1519 2269 1609 2342 iis,
1659 2291 1806 2351 quae
1854 2291 1972 2351 pro
2017 2268 2374 2351 quantitate
2419 2268 2704 2331 materiae

182 2391 375 2451 quam
438 2369 715 2430 maxime
775 2370 1115 2452 gravitant,
1169 2369 1231 2431 &
1278 2369 1559 2431 vicissim
1614 2392 1881 2452 corpora
1940 2370 2218 2431 maxime
2283 2368 2523 2452 gravia,
2578 2367 2702 2431 for-

183 2493 354 2532 mam
406 2469 569 2531 illius
621 2471 942 2553 gradatim
998 2471 1341 2546 induendo,
1390 2484 1657 2553 possent
1706 2471 2091 2555 gravitatem
2151 2492 2333 2533 suam
2384 2469 2703 2554 gradatim

185 2572 492 2633 amittere.
588 2571 692 2633 Ac
744 2572 1014 2653 proinde
1059 2573 1348 2654 pondera
1398 2573 1756 2655 penderent
1802 2595 1842 2635 a
1891 2572 2112 2635 formis
2158 2593 2510 2653 corporum,
2558 2593 2703 2653 pos-

185 2685 458 2755 sentque
503 2694 647 2734 cum
693 2672 915 2735 formis
947 2674 1196 2751 variari,
1233 2687 1454 2737 contra
1485 2696 1679 2757 quam
1731 2674 2072 2757 probatum
2117 2686 2217 2736 est
2265 2673 2329 2735 in
2375 2671 2703 2737 corollario

183 2774 525 2855 superiore.
2767 2853 2773 2865 ·

307 2875 510 2937 Corol.
550 2895 603 2954 3.
656 2875 882 2957 Spatia
912 2877 1128 2939 omnia
1159 2899 1286 2941 non
1333 2890 1483 2940 sunt
1513 2875 1845 2960 aequaliter
1874 2874 2078 2958 plena.
2176 2875 2351 2938 Nam
2397 2874 2451 2937 si
2496 2874 2704 2957 spatia

186 2974 401 3035 omnia
435 2973 765 3055 aequaliter
799 2974 989 3056 plena
1020 2991 1251 3051 essent,
1283 2978 1568 3061 gravitas
1608 2976 1905 3059 specifica
1935 2975 2110 3037 fluidi
2143 2997 2272 3057 quo
2317 2974 2496 3059 regio
2539 2974 2704 3038 aeris
2788 2983 2799 3011 ·’

186 3073 570 3155 impleretur,
628 3076 712 3138 ob
765 3098 1081 3138 summam
1142 3079 1528 3140 densitatem
1589 3078 1891 3154 materiae,
1943 3075 2030 3138 nil
2091 3077 2347 3139 cederet
2403 3074 2703 3159 gravitati

185 3176 500 3258 specificae
561 3177 808 3259 argenti
869 3178 1018 3251 vivi,
1074 3177 1178 3240 vel
1239 3180 1391 3253 auri,
1447 3177 1550 3241 vel
1611 3179 1892 3260 corporis
1952 3176 2210 3240 alterius
2270 3178 2703 3261 cujuscunque

186 3277 588 3351 densissimi;
638 3276 699 3338 &
729 3290 1069 3359 propterea
1101 3301 1217 3341 nec
1262 3302 1488 3341 aurum
1522 3301 1732 3361 neque
1776 3278 1951 3341 aliud
1997 3279 2427 3361 quodcunque
2472 3276 2702 3359 corpus

186 3379 250 3441 in
303 3388 451 3440 aere
503 3377 893 3439 descendere
945 3392 1177 3459 posset.
1274 3379 1449 3441 Nam
1502 3402 1768 3461 corpora
1828 3380 1891 3442 in
1946 3380 2173 3454 fluidis,
2228 3380 2349 3441 nisi
2408 3378 2703 3461 specifice

185 3479 484 3563 graviora
534 3477 677 3551 sint,
734 3478 994 3540 minime
1047 3479 1461 3543 descendunt.
1580 3480 1778 3560 Quod
1825 3481 1879 3542 si
1929 3481 2251 3563 quantitas
2303 3479 2589 3542 materiae
2637 3478 2700 3540 in

185 3579 395 3662 spatio
447 3577 601 3639 dato
660 3599 776 3658 per
835 3577 1316 3640 rarefactionem
1371 3601 1819 3663 quamcunque
1877 3580 2145 3642 diminui
2203 3580 2422 3663 possit,
2478 3576 2700 3662 quidni

187 3679 455 3743 diminui
486 3677 690 3760 possit
721 3678 784 3739 in
818 3677 1132 3740 infinitum
1159 3677 1184 3740 ?

308 3782 512 3845 Corol.
577 3800 633 3858 4.
712 3780 783 3842 Si
852 3801 1078 3842 omnes
1138 3781 1424 3842 omnium
1486 3784 1823 3864 corporum
1889 3781 2217 3865 particulae
2283 3780 2507 3846 solidae
2571 3780 2703 3845 sint

187 3882 476 3968 ejusdem
507 3879 857 3956 densitatiS,
891 3901 1101 3962 neque
1145 3880 1283 3942 sine
1327 3881 1501 3964 poris
1546 3881 1823 3946 rarefieri
1868 3883 2134 3966 possint,
2167 3903 2443 3946 vacuum
2487 3880 2691 3945 datur.
