2852 4250
143 121 265 195 356
964 120 1080 169 DE
1116 119 1354 171 Mors]
1380 119 1686 171 CORPOR
1698 120 1824 171 ΠΜ

137 360 471 403 numerum
536 343 979 421 2‚3o2585o93
1041 355 1140 404 est
1198 341 1282 403 ad
1342 294 1826 444 numerum-{n
1896 362 2014 423 per
2074 340 2260 407 corol.
2347 360 2381 425 7
2454 368 2632 430 prop.

134 487 332 532 xxxv.
431 468 506 529 In
538 469 814 531 motibus
845 468 1042 531 tardis
1074 469 1433 532 resistentia
1457 480 1670 550 potest
1694 490 1837 532 esse
1861 467 2054 551 paulo
2077 471 2286 534 minor
2313 487 2654 556 propterea

136 568 311 650 quod
364 567 568 651 figura
612 566 786 651 globi
839 566 1030 649 paulo
1077 568 1285 649 aptior
1333 567 1416 629 sit
1464 568 1548 629 ad
1598 580 1843 630 motum
1892 590 2085 651 quam
2135 570 2339 654 figura
2385 572 2652 655 cylindri

136 668 363 731 eadem
394 668 705 731 diametro
724 668 1038 749 descripti.
1136 668 1211 728 In
1237 667 1515 729 motibus
1540 666 1867 731 velocibus
1893 670 2251 733 resistentia
2274 685 2487 754 potest
2509 695 2653 736 esse

135 767 328 850 paulo
387 769 605 851 major,
668 780 1006 848 propterea
1065 766 1242 848 quod
1302 765 1645 829 elasticitas
1707 767 1770 830 &
1830 770 2221 851 compressio
2281 771 2456 833 fluidi
2523 793 2652 835 non

135 881 491 951 augeantur
536 869 596 929 in
644 866 966 948 duplicata
1011 868 1255 929 ratione
1291 865 1666 931 velocitatis,
1760 868 1895 931 Sed
1941 869 2308 953 hujusmodi
2354 872 2653 934 minutias

136 969 238 1030 hic
270 990 397 1030 non
429 967 742 1049 expendo.

253 1068 344 1129 Et
388 1067 683 1149 quamvis
728 1077 852 1141 aer,
886 1090 1070 1149 aqua,
1104 1079 1442 1150 argentum
1487 1068 1710 1130 vivum
1758 1069 1824 1142 &
1865 1068 2095 1132 similia
2140 1064 2351 1144 fluida,
2399 1093 2516 1153 per
2558 1071 2650 1134 di-

130 1171 446 1235 visionem
484 1171 760 1252 partium
806 1170 869 1232 in
919 1170 1254 1242 infinitum,
1289 1168 1770 1233 subtiliarentur
1801 1170 1863 1233 &
1895 1171 2122 1234 fierent
2152 1172 2364 1234 media
2410 1171 2654 1234 infinite

131 1270 364 1346 fluida;
441 1284 657 1332 tamen
731 1269 941 1353 globis
1030 1270 1330 1353 projectis
1418 1271 1592 1332 haud
1667 1271 1878 1332 minus
1953 1272 2336 1334 resisterent.
2478 1271 2653 1333 Nam

130 1370 504 1442 resistentia,
561 1371 644 1433 de
706 1393 834 1452 qua
894 1371 1104 1455 agitur
1156 1371 1219 1432 in
1274 1372 1816 1453 propositionibus
1872 1371 2399 1452 praecedentibuS,
2455 1371 2654 1433 oritur

128 1471 211 1531 ab
258 1470 482 1532 inertia
529 1471 811 1532 materiae
861 1470 922 1532 8ε
972 1471 1215 1533 inertiae
1270 1472 1553 1534 materiae
1607 1472 1978 1553 corporibus
2032 1470 2387 1534 essentialis
2441 1484 2541 1533 est
2588 1470 2652 1533 &
2723 1500 2729 1503 ·

130 1571 470 1652 quantitati
518 1571 800 1633 materiae
864 1593 1120 1652 semper
1170 1570 1678 1653 proportionalis,
1779 1572 1901 1634 Per
1945 1572 2329 1634 divisionem
2375 1571 2651 1653 partium

130 1671 323 1744 fluidi,
359 1671 719 1732 resistentia
750 1693 896 1752 quae
928 1673 1128 1733 oritur
1171 1694 1210 1732 a
1255 1672 1596 1734 tenacitate
1635 1672 1697 1733 &
1742 1671 2032 1734 frictione
2078 1673 2353 1754 partium
2384 1673 2651 1735 diminui

126 1771 388 1853 quidem
441 1784 698 1852 potest:
746 1772 861 1833 sed
908 1772 1229 1853 quantitas
1283 1772 1566 1833 materiae
1611 1794 1727 1853 per
1766 1772 2148 1834 divisionem
2194 1773 2469 1854 partium
2515 1773 2652 1856 ejus

127 1893 254 1934 non
316 1871 724 1945 diminuitur;
802 1871 864 1933 &
926 1885 1226 1933 manente
1286 1872 1645 1953 quantitate
1717 1873 2016 1945 materiae,
2080 1885 2298 1934 manet
2356 1873 2493 1955 ejus
2552 1873 2652 1935 vis

127 1971 386 2045 inertiae,
435 1971 533 2032 cui
580 1971 954 2045 resistentia,
988 1972 1071 2033 de
1117 1994 1245 2053 qua
1290 1972 1391 2033 hic
1436 1972 1661 2055 agitur,
1702 1995 1958 2055 semper
2000 1971 2491 2055 proportionalis
2536 1986 2649 2037 est.

133 2072 230 2134 Ut
278 2072 416 2134 haec
465 2072 823 2133 resistentia
872 2072 1275 2145 diminuatur,
1324 2072 1590 2133 diminui
1640 2073 1835 2136 debet
1883 2074 2206 2155 quantitas
2255 2074 2537 2135 materiae
2587 2073 2651 2135 in

130 2172 354 2255 spatiis
401 2193 517 2252 per
568 2193 717 2252 quae
771 2192 1039 2252 corpora
1091 2185 1448 2234 moventur.
1547 2172 1638 2234 Et
1697 2186 2038 2255 propterea
2090 2174 2298 2254 spatia
2349 2171 2650 2247 coelestia,

127 2295 244 2355 per
274 2293 421 2353 quae
468 2269 643 2354 globi
690 2269 1096 2352 planetarum
1131 2271 1193 2333 &
1246 2285 1638 2333 cometarum
1690 2273 1752 2334 in
1803 2295 2028 2336 omnes
2074 2286 2287 2355 partes
2332 2272 2652 2335 liberrime

129 2372 191 2434 ἃ
243 2373 381 2434 sine
412 2371 586 2434 omni
641 2384 851 2433 motus
901 2371 1322 2435 diminutione
1370 2372 1653 2435 sensibili
1696 2387 2009 2457 perpetuo
2064 2387 2419 2447 moventur,
2453 2374 2651 2436 fluido

129 2473 302 2534 omni
356 2493 664 2551 corporeo
717 2471 1168 2548 destituuntur,
1225 2473 1276 2533 si
1331 2472 1495 2535 forte
1549 2496 1823 2555 vapores
1876 2474 2069 2558 longe
2122 2474 2531 2537 tenuissimos
2587 2473 2649 2535 &

128 2573 425 2655 trajectos
456 2569 612 2632 lucis
645 2571 857 2633 radios
888 2573 1184 2654 excipias,

246 2669 605 2754 Projectilia
663 2672 884 2752 utique
945 2685 1190 2734 motum
1250 2673 1421 2735 cient
1481 2672 1544 2734 in
1606 2673 1818 2736 fluidis
1877 2674 2368 2758 progrediendo,
2425 2672 2487 2735 &
2546 2672 2649 2735 hic

129 2785 339 2834 motus
370 2772 568 2833 oritur
611 2771 694 2832 ab
726 2793 992 2834 excessu
1040 2773 1387 2855 pressionis
1435 2774 1612 2835 fluidi
1643 2775 1726 2836 ad
1773 2774 2116 2858 projectilis
2162 2787 2376 2856 partes
2407 2774 2649 2836 anticas

125 2894 318 2953 supra
362 2872 759 2952 pressionem
805 2873 888 2934 ad
935 2874 1072 2956 ejus
1117 2887 1332 2955 partes
1378 2875 1671 2955 posticaS,
1714 2875 1776 2937 &
1822 2897 1949 2938 non
1997 2875 2204 2937 minor
2247 2896 2390 2936 esse
2434 2885 2651 2955 potest

128 2971 192 3032 in
246 2972 472 3032 mediis
526 2971 768 3033 infinite
821 2973 1031 3035 fluidis
1085 2996 1278 3056 quam
1334 2975 1396 3036 in
1451 2996 1616 3051 aere,
1668 2997 1837 3057 aqua
1890 2975 1952 3037 &
2004 2987 2272 3058 argento
2324 2974 2477 3035 vivo
2530 2995 2648 3055 pro

129 3069 447 3131 densitate
496 3071 779 3132 materiae
829 3071 892 3132 in
942 3072 1225 3156 singulis,
1326 3073 1458 3135 Hic
1505 3087 1720 3136 autem
1768 3074 2115 3156 pressionis
2164 3095 2483 3147 excessus,
2529 3095 2647 3155 pro

125 3170 483 3251 quantitate
535 3191 666 3243 sua,
724 3192 850 3233 non
905 3184 1155 3235 tantum
1214 3187 1458 3236 motum
1513 3174 1636 3236 ciet
1689 3175 1752 3236 in
1815 3175 2028 3249 fluido,
2083 3174 2199 3236 sed
2260 3173 2452 3235 etiam
2512 3173 2648 3256 agit

125 3271 189 3332 in
242 3268 571 3352 projectile
616 3270 699 3331 ad
755 3284 998 3333 motum
1052 3274 1189 3356 ejus
1236 3275 1737 3338 retardandum:
1794 3275 1855 3337 &
1903 3287 2243 3357 propterea
2287 3273 2646 3335 resistentia

127 3369 191 3430 in
223 3369 397 3431 omni
444 3368 640 3431 fluido
671 3382 771 3431 est
800 3383 871 3431 ut
902 3384 1112 3433 motus
1160 3373 1223 3433 in
1269 3373 1466 3436 fluido
1497 3396 1536 3435 a
1580 3372 1889 3457 projectili
1928 3375 2256 3447 excitatuS,
2290 3394 2407 3435 nec
2439 3373 2646 3434 minor

124 3490 268 3531 esse
298 3482 512 3550 potest
543 3468 605 3529 in
638 3468 876 3531 aethere
906 3470 1318 3535 subtilissimo
1355 3493 1471 3554 pro
1502 3474 1820 3536 densitate
1851 3474 2123 3547 aetheriS‚
2156 3495 2349 3556 quam
2383 3473 2445 3534 in
2477 3482 2640 3546 aere,

120 3590 289 3651 aqua
320 3568 382 3631 8ι
412 3581 679 3652 argento
710 3570 862 3632 vivo
893 3593 1009 3652 pro
1040 3572 1462 3635 densitatibus
1494 3574 1724 3636 horum
1757 3574 2111 3636 fluidorum.

2805 2447 2814 2468 „a
2804 2362 2813 2433 Δ.’,-.
2798 2303 2812 2346 pa„

2842 2895 2844 2902 ⁴
2831 2244 2852 2868 --.*.---·-o—-‹⁷v--—-·7-a----›·-v·wv“--¹
2835 2206 2837 2210 *
2830 2156 2850 2186 ·”-
