<?xml version="1.0" encoding="UTF-8"?>
<!DOCTYPE html PUBLIC "-//W3C//DTD XHTML 1.0 Transitional//EN"
    "http://www.w3.org/TR/xhtml1/DTD/xhtml1-transitional.dtd">
<html xmlns="http://www.w3.org/1999/xhtml" xml:lang="en" lang="en">
 <head>
  <title>
</title>
<meta http-equiv="Content-Type" content="text/html;charset=utf-8" />
  <meta name='ocr-system' content='tesseract 3.04.00' />
  <meta name='ocr-capabilities' content='ocr_page ocr_carea ocr_par ocr_line ocrx_word'/>
</head>
<body>
  <div class='ocr_page' id='page_1' title='image "./principia00newtuoft/principia00newtuoft_0051.png"; bbox 0 0 2846 4224; ppageno 0'>
   <div class='ocr_carea' id='block_1_1' title="bbox 0 0 198 884">
    <p class='ocr_par' dir='ltr' id='par_1_1' title="bbox 0 0 198 884">
     <span class='ocr_line' id='line_1_1' title="bbox 0 0 198 884; baseline 0 0"><span class='ocrx_word' id='word_1_1' title='bbox 0 0 198 884; x_wconf 95' lang='lat' dir='ltr'><strong> </strong></span> 
     </span>
    </p>
   </div>
   <div class='ocr_carea' id='block_1_2' title="bbox 187 84 2682 3887">
    <p class='ocr_par' dir='ltr' id='par_1_2' title="bbox 187 84 2681 1598">
     <span class='ocr_line' id='line_1_2' title="bbox 1168 84 2668 179; baseline 0.004 -41"><span class='ocrx_word' id='word_1_2' title='bbox 1168 84 1740 141; x_wconf 79' lang='lat' dir='ltr'><em>DEFINITIONES.</em></span> <span class='ocrx_word' id='word_1_3' title='bbox 2611 124 2668 179; x_wconf 62' lang='lat'><strong>&gt;9</strong></span> 
     </span>
     <span class='ocr_line' id='line_1_3' title="bbox 230 248 2672 341; baseline 0 -22"><span class='ocrx_word' id='word_1_4' title='bbox 230 248 440 340; x_wconf 86' lang='lat' dir='ltr'><strong>partes</strong></span> <span class='ocrx_word' id='word_1_5' title='bbox 489 274 708 317; x_wconf 90' lang='lat' dir='ltr'><strong>omnes</strong></span> <span class='ocrx_word' id='word_1_6' title='bbox 758 265 1061 314; x_wconf 91' lang='lat' dir='ltr'><strong>conantur</strong></span> <span class='ocrx_word' id='word_1_7' title='bbox 1110 251 1401 312; x_wconf 84' lang='lat' dir='ltr'><strong>recedere</strong></span> <span class='ocrx_word' id='word_1_8' title='bbox 1450 251 1531 312; x_wconf 93' lang='lat' dir='ltr'><strong>ab</strong></span> <span class='ocrx_word' id='word_1_9' title='bbox 1581 273 1701 313; x_wconf 86' lang='lat' dir='ltr'><strong>axe</strong></span> <span class='ocrx_word' id='word_1_10' title='bbox 1750 265 1972 327; x_wconf 89' lang='lat' dir='ltr'><strong>motus,</strong></span> <span class='ocrx_word' id='word_1_11' title='bbox 2027 255 2089 316; x_wconf 86' lang='lat'>&amp;</span> <span class='ocrx_word' id='word_1_12' title='bbox 2143 255 2672 341; x_wconf 79' lang='lat' dir='ltr'><strong>progredientium</strong></span> 
     </span>
     <span class='ocr_line' id='line_1_4' title="bbox 187 349 2672 436; baseline 0.002 -19"><span class='ocrx_word' id='word_1_13' title='bbox 187 371 190 374; x_wconf 76' lang='grc'><strong>’</strong></span> <span class='ocrx_word' id='word_1_14' title='bbox 231 357 499 436; x_wconf 90' lang='lat' dir='ltr'><strong>impetus</strong></span> <span class='ocrx_word' id='word_1_15' title='bbox 557 353 750 414; x_wconf 92' lang='lat' dir='ltr'><strong>oritur</strong></span> <span class='ocrx_word' id='word_1_16' title='bbox 805 372 886 412; x_wconf 92' lang='lat' dir='ltr'><strong>ex</strong></span> <span class='ocrx_word' id='word_1_17' title='bbox 942 351 1273 431; x_wconf 90' lang='lat' dir='ltr'><strong>conjuncto</strong></span> <span class='ocrx_word' id='word_1_18' title='bbox 1330 349 1570 429; x_wconf 91' lang='lat' dir='ltr'><strong>impetu</strong></span> <span class='ocrx_word' id='word_1_19' title='bbox 1629 350 1898 429; x_wconf 89' lang='lat' dir='ltr'><strong>partium</strong></span> <span class='ocrx_word' id='word_1_20' title='bbox 1956 353 2354 435; x_wconf 88' lang='lat' dir='ltr'><strong>singularum.</strong></span> <span class='ocrx_word' id='word_1_21' title='bbox 2477 361 2672 423; x_wconf 91' lang='lat' dir='ltr'><strong>Motis</strong></span> 
     </span>
     <span class='ocr_line' id='line_1_5' title="bbox 231 448 2672 536; baseline 0.002 -22"><span class='ocrx_word' id='word_1_22' title='bbox 231 454 419 536; x_wconf 91' lang='lat' dir='ltr'><strong>igitur</strong></span> <span class='ocrx_word' id='word_1_23' title='bbox 467 450 824 530; x_wconf 88' lang='lat' dir='ltr'><strong>corporibus</strong></span> <span class='ocrx_word' id='word_1_24' title='bbox 875 448 1305 519; x_wconf 86' lang='lat' dir='ltr'><strong>ambientibuS,</strong></span> <span class='ocrx_word' id='word_1_25' title='bbox 1359 460 1692 508; x_wconf 88' lang='lat' dir='ltr'><strong>moventur</strong></span> <span class='ocrx_word' id='word_1_26' title='bbox 1741 470 1883 528; x_wconf 86' lang='lat' dir='ltr'><strong>quae</strong></span> <span class='ocrx_word' id='word_1_27' title='bbox 1941 450 2003 511; x_wconf 94' lang='lat' dir='ltr'><strong>in</strong></span> <span class='ocrx_word' id='word_1_28' title='bbox 2055 453 2469 516; x_wconf 83' lang='lat' dir='ltr'><strong>ambientibus</strong></span> <span class='ocrx_word' id='word_1_29' title='bbox 2521 457 2672 519; x_wconf 93' lang='lat' dir='ltr'><strong>rela-</strong></span> 
     </span>
     <span class='ocr_line' id='line_1_6' title="bbox 231 546 2675 630; baseline 0.002 -18"><span class='ocrx_word' id='word_1_30' title='bbox 231 552 359 612; x_wconf 91' lang='lat' dir='ltr'><strong>tive</strong></span> <span class='ocrx_word' id='word_1_31' title='bbox 417 549 756 630; x_wconf 91' lang='lat' dir='ltr'><strong>quiescunt.</strong></span> <span class='ocrx_word' id='word_1_32' title='bbox 888 546 976 606; x_wconf 86' lang='lat' dir='ltr'><strong>Et</strong></span> <span class='ocrx_word' id='word_1_33' title='bbox 1032 559 1364 625; x_wconf 91' lang='lat' dir='ltr'><strong>propterea</strong></span> <span class='ocrx_word' id='word_1_34' title='bbox 1422 558 1631 607; x_wconf 91' lang='lat' dir='ltr'><strong>motus</strong></span> <span class='ocrx_word' id='word_1_35' title='bbox 1689 568 1878 607; x_wconf 88' lang='lat' dir='ltr'><strong>verus</strong></span> <span class='ocrx_word' id='word_1_36' title='bbox 1939 547 2000 608; x_wconf 86' lang='lat'>&amp;</span> <span class='ocrx_word' id='word_1_37' title='bbox 2057 548 2377 612; x_wconf 91' lang='lat' dir='ltr'><strong>absolutus</strong></span> <span class='ocrx_word' id='word_1_38' title='bbox 2435 553 2675 616; x_wconf 92' lang='lat' dir='ltr'><strong>definiri</strong></span> 
     </span>
     <span class='ocr_line' id='line_1_7' title="bbox 232 635 2674 731; baseline 0.001 -21"><span class='ocrx_word' id='word_1_39' title='bbox 232 635 448 729; x_wconf 87' lang='lat' dir='ltr'><strong>nequit</strong></span> <span class='ocrx_word' id='word_1_40' title='bbox 497 669 610 727; x_wconf 93' lang='lat' dir='ltr'><strong>per</strong></span> <span class='ocrx_word' id='word_1_41' title='bbox 658 642 1123 706; x_wconf 82' lang='lat' dir='ltr'><strong>translationem</strong></span> <span class='ocrx_word' id='word_1_42' title='bbox 1175 665 1211 704; x_wconf 95' lang='lat' dir='ltr'><strong>e</strong></span> <span class='ocrx_word' id='word_1_43' title='bbox 1258 643 1484 703; x_wconf 89' lang='lat' dir='ltr'><strong>vicinia</strong></span> <span class='ocrx_word' id='word_1_44' title='bbox 1529 665 1872 723; x_wconf 91' lang='lat' dir='ltr'><strong>corporum,</strong></span> <span class='ocrx_word' id='word_1_45' title='bbox 1924 667 2065 725; x_wconf 84' lang='lat' dir='ltr'><strong>quae</strong></span> <span class='ocrx_word' id='word_1_46' title='bbox 2117 660 2414 728; x_wconf 83' lang='lat' dir='ltr'><strong>tanquam</strong></span> <span class='ocrx_word' id='word_1_47' title='bbox 2474 653 2674 731; x_wconf 95' lang='lat' dir='ltr'><strong>quies-</strong></span> 
     </span>
     <span class='ocr_line' id='line_1_8' title="bbox 232 743 2679 830; baseline 0.001 -21"><span class='ocrx_word' id='word_1_48' title='bbox 232 749 434 810; x_wconf 92' lang='lat' dir='ltr'><strong>centia</strong></span> <span class='ocrx_word' id='word_1_49' title='bbox 462 758 832 827; x_wconf 89' lang='lat' dir='ltr'><strong>spectantur.</strong></span> <span class='ocrx_word' id='word_1_50' title='bbox 927 743 1183 803; x_wconf 91' lang='lat' dir='ltr'><strong>Debent</strong></span> <span class='ocrx_word' id='word_1_51' title='bbox 1213 743 1378 803; x_wconf 91' lang='lat' dir='ltr'><strong>enim</strong></span> <span class='ocrx_word' id='word_1_52' title='bbox 1410 764 1670 822; x_wconf 88' lang='lat' dir='ltr'><strong>corpora</strong></span> <span class='ocrx_word' id='word_1_53' title='bbox 1700 756 1957 803; x_wconf 89' lang='lat' dir='ltr'><strong>externa</strong></span> <span class='ocrx_word' id='word_1_54' title='bbox 1994 766 2118 805; x_wconf 94' lang='lat' dir='ltr'><strong>non</strong></span> <span class='ocrx_word' id='word_1_55' title='bbox 2150 745 2349 807; x_wconf 91' lang='lat' dir='ltr'><strong>solum</strong></span> <span class='ocrx_word' id='word_1_56' title='bbox 2381 750 2679 830; x_wconf 82' lang='lat' dir='ltr'><strong>tanquam</strong></span> 
     </span>
     <span class='ocr_line' id='line_1_9' title="bbox 233 842 2680 928; baseline 0.001 -21"><span class='ocrx_word' id='word_1_57' title='bbox 233 846 613 928; x_wconf 92' lang='lat' dir='ltr'><strong>quiescentia</strong></span> <span class='ocrx_word' id='word_1_58' title='bbox 671 842 951 923; x_wconf 89' lang='lat' dir='ltr'><strong>spectari,</strong></span> <span class='ocrx_word' id='word_1_59' title='bbox 1012 842 1124 902; x_wconf 89' lang='lat' dir='ltr'><strong>sed</strong></span> <span class='ocrx_word' id='word_1_60' title='bbox 1184 842 1371 902; x_wconf 90' lang='lat' dir='ltr'><strong>etiam</strong></span> <span class='ocrx_word' id='word_1_61' title='bbox 1430 863 1579 902; x_wconf 87' lang='lat' dir='ltr'><strong>vere</strong></span> <span class='ocrx_word' id='word_1_62' title='bbox 1638 842 1974 922; x_wconf 89' lang='lat' dir='ltr'><strong>quiescere.</strong></span> <span class='ocrx_word' id='word_1_63' title='bbox 2086 843 2386 925; x_wconf 87' lang='lat' dir='ltr'><strong>Alioquin</strong></span> <span class='ocrx_word' id='word_1_64' title='bbox 2447 848 2680 910; x_wconf 90' lang='lat' dir='ltr'><strong>inclusa</strong></span> 
     </span>
     <span class='ocr_line' id='line_1_10' title="bbox 232 939 2681 1025; baseline 0 -18"><span class='ocrx_word' id='word_1_65' title='bbox 232 946 454 1017; x_wconf 90' lang='lat' dir='ltr'><strong>omnia,</strong></span> <span class='ocrx_word' id='word_1_66' title='bbox 515 956 742 1023; x_wconf 83' lang='lat' dir='ltr'><strong>praeter</strong></span> <span class='ocrx_word' id='word_1_67' title='bbox 798 939 1263 1002; x_wconf 89' lang='lat' dir='ltr'><strong>translationem</strong></span> <span class='ocrx_word' id='word_1_68' title='bbox 1337 961 1373 1000; x_wconf 93' lang='lat' dir='ltr'><strong>e</strong></span> <span class='ocrx_word' id='word_1_69' title='bbox 1446 940 1672 999; x_wconf 91' lang='lat' dir='ltr'><strong>vicinia</strong></span> <span class='ocrx_word' id='word_1_70' title='bbox 1743 940 2164 1015; x_wconf 87' lang='lat' dir='ltr'><strong>ambientium,</strong></span> <span class='ocrx_word' id='word_1_71' title='bbox 2226 946 2681 1025; x_wconf 90' lang='lat' dir='ltr'><strong>participabunt</strong></span> 
     </span>
     <span class='ocr_line' id='line_1_11' title="bbox 234 1036 2679 1108; baseline 0 -3"><span class='ocrx_word' id='word_1_72' title='bbox 234 1045 422 1106; x_wconf 92' lang='lat' dir='ltr'><strong>etiam</strong></span> <span class='ocrx_word' id='word_1_73' title='bbox 486 1040 893 1103; x_wconf 90' lang='lat' dir='ltr'><strong>ambientium</strong></span> <span class='ocrx_word' id='word_1_74' title='bbox 954 1052 1160 1100; x_wconf 91' lang='lat' dir='ltr'><strong>motus</strong></span> <span class='ocrx_word' id='word_1_75' title='bbox 1218 1059 1442 1108; x_wconf 90' lang='lat' dir='ltr'><strong>veros;</strong></span> <span class='ocrx_word' id='word_1_76' title='bbox 1518 1037 1578 1098; x_wconf 78' lang='lat' dir='ltr'><strong>8c</strong></span> <span class='ocrx_word' id='word_1_77' title='bbox 1636 1036 1879 1098; x_wconf 85' lang='lat' dir='ltr'><strong>sublata</strong></span> <span class='ocrx_word' id='word_1_78' title='bbox 1937 1038 2038 1100; x_wconf 93' lang='lat' dir='ltr'><strong>illa</strong></span> <span class='ocrx_word' id='word_1_79' title='bbox 2096 1041 2496 1105; x_wconf 91' lang='lat' dir='ltr'><strong>translatione</strong></span> <span class='ocrx_word' id='word_1_80' title='bbox 2556 1067 2679 1107; x_wconf 95' lang='lat' dir='ltr'><strong>non</strong></span> 
     </span>
     <span class='ocr_line' id='line_1_12' title="bbox 232 1136 2672 1221; baseline 0.001 -18"><span class='ocrx_word' id='word_1_81' title='bbox 232 1164 381 1203; x_wconf 90' lang='lat' dir='ltr'><strong>vere</strong></span> <span class='ocrx_word' id='word_1_82' title='bbox 432 1141 767 1221; x_wconf 91' lang='lat' dir='ltr'><strong>quiescent,</strong></span> <span class='ocrx_word' id='word_1_83' title='bbox 822 1137 934 1198; x_wconf 90' lang='lat' dir='ltr'><strong>sed</strong></span> <span class='ocrx_word' id='word_1_84' title='bbox 987 1150 1284 1216; x_wconf 91' lang='lat' dir='ltr'><strong>tanquam</strong></span> <span class='ocrx_word' id='word_1_85' title='bbox 1336 1136 1718 1216; x_wconf 86' lang='lat' dir='ltr'><strong>quiescentia</strong></span> <span class='ocrx_word' id='word_1_86' title='bbox 1770 1137 2162 1201; x_wconf 88' lang='lat' dir='ltr'><strong>solummodo</strong></span> <span class='ocrx_word' id='word_1_87' title='bbox 2214 1143 2672 1221; x_wconf 89' lang='lat' dir='ltr'><strong>spectabuntur.</strong></span> 
     </span>
     <span class='ocr_line' id='line_1_13' title="bbox 234 1235 2679 1321; baseline 0 -18"><span class='ocrx_word' id='word_1_88' title='bbox 234 1242 397 1303; x_wconf 88' lang='lat' dir='ltr'><strong>Sunt</strong></span> <span class='ocrx_word' id='word_1_89' title='bbox 443 1241 608 1301; x_wconf 93' lang='lat' dir='ltr'><strong>enim</strong></span> <span class='ocrx_word' id='word_1_90' title='bbox 656 1237 992 1298; x_wconf 91' lang='lat' dir='ltr'><strong>ambientia</strong></span> <span class='ocrx_word' id='word_1_91' title='bbox 1038 1236 1118 1296; x_wconf 93' lang='lat' dir='ltr'><strong>ad</strong></span> <span class='ocrx_word' id='word_1_92' title='bbox 1169 1235 1417 1307; x_wconf 91' lang='lat' dir='ltr'><strong>inclusa,</strong></span> <span class='ocrx_word' id='word_1_93' title='bbox 1464 1249 1534 1296; x_wconf 90' lang='lat' dir='ltr'><strong>ut</strong></span> <span class='ocrx_word' id='word_1_94' title='bbox 1581 1237 1769 1297; x_wconf 91' lang='lat' dir='ltr'><strong>totius</strong></span> <span class='ocrx_word' id='word_1_95' title='bbox 1817 1259 1960 1317; x_wconf 90' lang='lat' dir='ltr'><strong>pars</strong></span> <span class='ocrx_word' id='word_1_96' title='bbox 1997 1240 2266 1301; x_wconf 86' lang='lat' dir='ltr'><strong>exterior</strong></span> <span class='ocrx_word' id='word_1_97' title='bbox 2311 1242 2391 1301; x_wconf 94' lang='lat' dir='ltr'><strong>ad</strong></span> <span class='ocrx_word' id='word_1_98' title='bbox 2439 1256 2679 1321; x_wconf 90' lang='lat' dir='ltr'><strong>partem</strong></span> 
     </span>
     <span class='ocr_line' id='line_1_14' title="bbox 232 1334 2676 1412; baseline 0 -11"><span class='ocrx_word' id='word_1_99' title='bbox 232 1340 602 1409; x_wconf 89' lang='lat' dir='ltr'><strong>interiorem,</strong></span> <span class='ocrx_word' id='word_1_100' title='bbox 657 1335 757 1397; x_wconf 89' lang='lat' dir='ltr'><strong>vel</strong></span> <span class='ocrx_word' id='word_1_101' title='bbox 816 1348 886 1396; x_wconf 90' lang='lat' dir='ltr'><strong>ut</strong></span> <span class='ocrx_word' id='word_1_102' title='bbox 944 1349 1157 1396; x_wconf 86' lang='lat' dir='ltr'><strong>cortex</strong></span> <span class='ocrx_word' id='word_1_103' title='bbox 1214 1335 1294 1395; x_wconf 94' lang='lat' dir='ltr'><strong>ad</strong></span> <span class='ocrx_word' id='word_1_104' title='bbox 1356 1334 1658 1396; x_wconf 90' lang='lat' dir='ltr'><strong>nucleum.</strong></span> <span class='ocrx_word' id='word_1_105' title='bbox 1764 1336 1946 1397; x_wconf 93' lang='lat' dir='ltr'><strong>Moto</strong></span> <span class='ocrx_word' id='word_1_106' title='bbox 2004 1351 2212 1398; x_wconf 92' lang='lat' dir='ltr'><strong>autem</strong></span> <span class='ocrx_word' id='word_1_107' title='bbox 2273 1341 2512 1412; x_wconf 92' lang='lat' dir='ltr'><strong>cortice,</strong></span> <span class='ocrx_word' id='word_1_108' title='bbox 2568 1363 2676 1402; x_wconf 93' lang='lat' dir='ltr'><strong>nu-</strong></span> 
     </span>
     <span class='ocr_line' id='line_1_15' title="bbox 233 1433 2676 1518; baseline 0.001 -20"><span class='ocrx_word' id='word_1_109' title='bbox 233 1436 400 1499; x_wconf 92' lang='lat' dir='ltr'><strong>cleus</strong></span> <span class='ocrx_word' id='word_1_110' title='bbox 459 1437 661 1507; x_wconf 89' lang='lat' dir='ltr'><strong>etiam,</strong></span> <span class='ocrx_word' id='word_1_111' title='bbox 722 1435 856 1495; x_wconf 91' lang='lat' dir='ltr'><strong>sine</strong></span> <span class='ocrx_word' id='word_1_112' title='bbox 915 1433 1315 1495; x_wconf 90' lang='lat' dir='ltr'><strong>translatione</strong></span> <span class='ocrx_word' id='word_1_113' title='bbox 1374 1435 1454 1495; x_wconf 93' lang='lat' dir='ltr'><strong>de</strong></span> <span class='ocrx_word' id='word_1_114' title='bbox 1513 1436 1739 1496; x_wconf 91' lang='lat' dir='ltr'><strong>vicinia</strong></span> <span class='ocrx_word' id='word_1_115' title='bbox 1796 1436 2052 1508; x_wconf 80' lang='lat' dir='ltr'><strong>corticiS,</strong></span> <span class='ocrx_word' id='word_1_116' title='bbox 2107 1459 2218 1498; x_wconf 90' lang='lat' dir='ltr'><strong>ceu</strong></span> <span class='ocrx_word' id='word_1_117' title='bbox 2271 1460 2415 1518; x_wconf 91' lang='lat' dir='ltr'><strong>pars</strong></span> <span class='ocrx_word' id='word_1_118' title='bbox 2474 1441 2676 1514; x_wconf 82' lang='lat' dir='ltr'><strong>totiuS,</strong></span> 
     </span>
     <span class='ocr_line' id='line_1_16' title="bbox 235 1548 533 1598; baseline -0.01 0"><span class='ocrx_word' id='word_1_119' title='bbox 235 1548 533 1598; x_wconf 90' lang='lat' dir='ltr'><strong>movetur.</strong></span> 
     </span>
    </p>

    <p class='ocr_par' dir='ltr' id='par_1_3' title="bbox 232 1631 2682 2899">
     <span class='ocr_line' id='line_1_17' title="bbox 352 1631 2682 1713; baseline 0.001 -18"><span class='ocrx_word' id='word_1_120' title='bbox 352 1633 733 1696; x_wconf 85' lang='lat' dir='ltr'><strong>Praecedenti</strong></span> <span class='ocrx_word' id='word_1_121' title='bbox 782 1631 1141 1712; x_wconf 89' lang='lat' dir='ltr'><strong>proprietati</strong></span> <span class='ocrx_word' id='word_1_122' title='bbox 1190 1631 1394 1692; x_wconf 86' lang='lat' dir='ltr'><strong>affinis</strong></span> <span class='ocrx_word' id='word_1_123' title='bbox 1442 1646 1551 1703; x_wconf 90' lang='lat' dir='ltr'><strong>est,</strong></span> <span class='ocrx_word' id='word_1_124' title='bbox 1603 1634 1772 1713; x_wconf 93' lang='lat' dir='ltr'><strong>quod</strong></span> <span class='ocrx_word' id='word_1_125' title='bbox 1822 1648 1993 1696; x_wconf 91' lang='lat' dir='ltr'><strong>moto</strong></span> <span class='ocrx_word' id='word_1_126' title='bbox 2040 1634 2176 1697; x_wconf 95' lang='lat' dir='ltr'><strong>loco</strong></span> <span class='ocrx_word' id='word_1_127' title='bbox 2222 1651 2509 1698; x_wconf 88' lang='lat' dir='ltr'><strong>movetur</strong></span> <span class='ocrx_word' id='word_1_128' title='bbox 2558 1661 2682 1699; x_wconf 88' lang='lat' dir='ltr'><strong>una</strong></span> 
     </span>
     <span class='ocr_line' id='line_1_18' title="bbox 234 1730 2682 1818; baseline 0.002 -24"><span class='ocrx_word' id='word_1_129' title='bbox 234 1732 550 1816; x_wconf 84' lang='lat' dir='ltr'><strong>locatum:</strong></span> <span class='ocrx_word' id='word_1_130' title='bbox 619 1732 886 1811; x_wconf 91' lang='lat' dir='ltr'><strong>ideoque</strong></span> <span class='ocrx_word' id='word_1_131' title='bbox 938 1751 1176 1809; x_wconf 86' lang='lat' dir='ltr'><strong>corpuS‚</strong></span> <span class='ocrx_word' id='word_1_132' title='bbox 1232 1731 1400 1810; x_wconf 93' lang='lat' dir='ltr'><strong>quod</strong></span> <span class='ocrx_word' id='word_1_133' title='bbox 1460 1731 1540 1791; x_wconf 93' lang='lat' dir='ltr'><strong>de</strong></span> <span class='ocrx_word' id='word_1_134' title='bbox 1592 1730 1728 1793; x_wconf 94' lang='lat' dir='ltr'><strong>loco</strong></span> <span class='ocrx_word' id='word_1_135' title='bbox 1781 1748 1951 1795; x_wconf 92' lang='lat' dir='ltr'><strong>moto</strong></span> <span class='ocrx_word' id='word_1_136' title='bbox 2003 1748 2302 1807; x_wconf 90' lang='lat' dir='ltr'><strong>movetur,</strong></span> <span class='ocrx_word' id='word_1_137' title='bbox 2357 1738 2682 1818; x_wconf 91' lang='lat' dir='ltr'><strong>participat</strong></span> 
     </span>
     <span class='ocr_line' id='line_1_19' title="bbox 233 1830 2680 1914; baseline 0.002 -21"><span class='ocrx_word' id='word_1_138' title='bbox 233 1833 420 1894; x_wconf 92' lang='lat' dir='ltr'><strong>etiam</strong></span> <span class='ocrx_word' id='word_1_139' title='bbox 479 1831 594 1893; x_wconf 94' lang='lat' dir='ltr'><strong>loci</strong></span> <span class='ocrx_word' id='word_1_140' title='bbox 655 1833 748 1892; x_wconf 91' lang='lat' dir='ltr'><strong>sui</strong></span> <span class='ocrx_word' id='word_1_141' title='bbox 811 1844 1063 1891; x_wconf 91' lang='lat' dir='ltr'><strong>motum.</strong></span> <span class='ocrx_word' id='word_1_142' title='bbox 1170 1830 1385 1891; x_wconf 91' lang='lat' dir='ltr'><strong>Motus</strong></span> <span class='ocrx_word' id='word_1_143' title='bbox 1446 1831 1632 1911; x_wconf 89' lang='lat' dir='ltr'><strong>igitur</strong></span> <span class='ocrx_word' id='word_1_144' title='bbox 1689 1853 1923 1904; x_wconf 81' lang='lat' dir='ltr'><strong>omneS‚</strong></span> <span class='ocrx_word' id='word_1_145' title='bbox 1985 1835 2090 1914; x_wconf 92' lang='lat' dir='ltr'><strong>qui</strong></span> <span class='ocrx_word' id='word_1_146' title='bbox 2150 1835 2230 1895; x_wconf 93' lang='lat' dir='ltr'><strong>de</strong></span> <span class='ocrx_word' id='word_1_147' title='bbox 2289 1833 2437 1895; x_wconf 89' lang='lat' dir='ltr'><strong>locis</strong></span> <span class='ocrx_word' id='word_1_148' title='bbox 2497 1838 2680 1897; x_wconf 92' lang='lat' dir='ltr'><strong>motis</strong></span> 
     </span>
     <span class='ocr_line' id='line_1_20' title="bbox 234 1927 2680 2011; baseline 0.002 -20"><span class='ocrx_word' id='word_1_149' title='bbox 234 1931 402 2002; x_wconf 89' lang='lat' dir='ltr'><strong>fiunt,</strong></span> <span class='ocrx_word' id='word_1_150' title='bbox 450 1943 595 1991; x_wconf 93' lang='lat' dir='ltr'><strong>sunt</strong></span> <span class='ocrx_word' id='word_1_151' title='bbox 646 1944 854 2010; x_wconf 89' lang='lat' dir='ltr'><strong>partes</strong></span> <span class='ocrx_word' id='word_1_152' title='bbox 906 1927 1300 1990; x_wconf 90' lang='lat' dir='ltr'><strong>solummodo</strong></span> <span class='ocrx_word' id='word_1_153' title='bbox 1353 1942 1633 1989; x_wconf 92' lang='lat' dir='ltr'><strong>motuum</strong></span> <span class='ocrx_word' id='word_1_154' title='bbox 1683 1930 2063 2011; x_wconf 90' lang='lat' dir='ltr'><strong>integrorum</strong></span> <span class='ocrx_word' id='word_1_155' title='bbox 2114 1932 2174 1992; x_wconf 84' lang='lat'>&amp;</span> <span class='ocrx_word' id='word_1_156' title='bbox 2218 1932 2680 1996; x_wconf 87' lang='lat' dir='ltr'><strong>absolutorum:</strong></span> 
     </span>
     <span class='ocr_line' id='line_1_21' title="bbox 235 2029 2681 2110; baseline 0.001 -18"><span class='ocrx_word' id='word_1_157' title='bbox 235 2031 295 2092; x_wconf 86' lang='lat'>&amp;</span> <span class='ocrx_word' id='word_1_158' title='bbox 347 2044 550 2092; x_wconf 91' lang='lat' dir='ltr'><strong>motus</strong></span> <span class='ocrx_word' id='word_1_159' title='bbox 602 2031 803 2091; x_wconf 89' lang='lat' dir='ltr'><strong>omnis</strong></span> <span class='ocrx_word' id='word_1_160' title='bbox 857 2031 1101 2109; x_wconf 86' lang='lat' dir='ltr'><strong>integer</strong></span> <span class='ocrx_word' id='word_1_161' title='bbox 1151 2029 1544 2107; x_wconf 90' lang='lat' dir='ltr'><strong>componitur</strong></span> <span class='ocrx_word' id='word_1_162' title='bbox 1595 2051 1674 2088; x_wconf 88' lang='lat' dir='ltr'><strong>ex</strong></span> <span class='ocrx_word' id='word_1_163' title='bbox 1728 2044 1899 2091; x_wconf 91' lang='lat' dir='ltr'><strong>motu</strong></span> <span class='ocrx_word' id='word_1_164' title='bbox 1946 2032 2219 2110; x_wconf 90' lang='lat' dir='ltr'><strong>corporis</strong></span> <span class='ocrx_word' id='word_1_165' title='bbox 2265 2032 2344 2092; x_wconf 92' lang='lat' dir='ltr'><strong>de</strong></span> <span class='ocrx_word' id='word_1_166' title='bbox 2388 2031 2524 2094; x_wconf 92' lang='lat' dir='ltr'><strong>loco</strong></span> <span class='ocrx_word' id='word_1_167' title='bbox 2568 2055 2681 2094; x_wconf 90' lang='lat' dir='ltr'><strong>suo</strong></span> 
     </span>
     <span class='ocr_line' id='line_1_22' title="bbox 233 2125 2681 2211; baseline 0.001 -23"><span class='ocrx_word' id='word_1_168' title='bbox 233 2130 448 2208; x_wconf 90' lang='lat' dir='ltr'><strong>primo,</strong></span> <span class='ocrx_word' id='word_1_169' title='bbox 498 2129 558 2189; x_wconf 84' lang='lat'>&amp;</span> <span class='ocrx_word' id='word_1_170' title='bbox 596 2142 766 2190; x_wconf 92' lang='lat' dir='ltr'><strong>motu</strong></span> <span class='ocrx_word' id='word_1_171' title='bbox 813 2127 927 2189; x_wconf 92' lang='lat' dir='ltr'><strong>loci</strong></span> <span class='ocrx_word' id='word_1_172' title='bbox 975 2128 1156 2210; x_wconf 90' lang='lat' dir='ltr'><strong>hujus</strong></span> <span class='ocrx_word' id='word_1_173' title='bbox 1202 2127 1282 2186; x_wconf 94' lang='lat' dir='ltr'><strong>de</strong></span> <span class='ocrx_word' id='word_1_174' title='bbox 1331 2125 1467 2187; x_wconf 94' lang='lat' dir='ltr'><strong>loco</strong></span> <span class='ocrx_word' id='word_1_175' title='bbox 1512 2149 1640 2198; x_wconf 88' lang='lat' dir='ltr'><strong>su0‚</strong></span> <span class='ocrx_word' id='word_1_176' title='bbox 1676 2127 1735 2187; x_wconf 82' lang='lat'>&amp;</span> <span class='ocrx_word' id='word_1_177' title='bbox 1780 2130 1867 2189; x_wconf 90' lang='lat' dir='ltr'><strong>sic</strong></span> <span class='ocrx_word' id='word_1_178' title='bbox 1912 2130 2244 2209; x_wconf 89' lang='lat' dir='ltr'><strong>deinceps;</strong></span> <span class='ocrx_word' id='word_1_179' title='bbox 2290 2153 2487 2211; x_wconf 92' lang='lat' dir='ltr'><strong>usque</strong></span> <span class='ocrx_word' id='word_1_180' title='bbox 2532 2132 2681 2191; x_wconf 93' lang='lat' dir='ltr'><strong>dum</strong></span> 
     </span>
     <span class='ocr_line' id='line_1_23' title="bbox 234 2226 2679 2309; baseline 0.001 -21"><span class='ocrx_word' id='word_1_181' title='bbox 234 2228 632 2307; x_wconf 89' lang='lat' dir='ltr'><strong>perveniatur</strong></span> <span class='ocrx_word' id='word_1_182' title='bbox 682 2227 760 2287; x_wconf 92' lang='lat' dir='ltr'><strong>ad</strong></span> <span class='ocrx_word' id='word_1_183' title='bbox 814 2226 1016 2287; x_wconf 92' lang='lat' dir='ltr'><strong>locum</strong></span> <span class='ocrx_word' id='word_1_184' title='bbox 1072 2228 1412 2296; x_wconf 91' lang='lat' dir='ltr'><strong>immotum,</strong></span> <span class='ocrx_word' id='word_1_185' title='bbox 1467 2239 1536 2285; x_wconf 90' lang='lat' dir='ltr'><strong>ut</strong></span> <span class='ocrx_word' id='word_1_186' title='bbox 1588 2227 1648 2285; x_wconf 94' lang='lat' dir='ltr'><strong>in</strong></span> <span class='ocrx_word' id='word_1_187' title='bbox 1702 2227 1990 2307; x_wconf 88' lang='lat' dir='ltr'><strong>exemplo</strong></span> <span class='ocrx_word' id='word_1_188' title='bbox 2044 2242 2247 2289; x_wconf 82' lang='lat' dir='ltr'><strong>nautae</strong></span> <span class='ocrx_word' id='word_1_189' title='bbox 2308 2251 2495 2309; x_wconf 91' lang='lat' dir='ltr'><strong>supra</strong></span> <span class='ocrx_word' id='word_1_190' title='bbox 2552 2252 2679 2291; x_wconf 92' lang='lat' dir='ltr'><strong>me-</strong></span> 
     </span>
     <span class='ocr_line' id='line_1_24' title="bbox 232 2323 2682 2406; baseline 0.001 -20"><span class='ocrx_word' id='word_1_191' title='bbox 232 2340 487 2387; x_wconf 92' lang='lat' dir='ltr'><strong>morato.</strong></span> <span class='ocrx_word' id='word_1_192' title='bbox 587 2326 778 2386; x_wconf 90' lang='lat' dir='ltr'><strong>Unde</strong></span> <span class='ocrx_word' id='word_1_193' title='bbox 823 2339 1027 2386; x_wconf 90' lang='lat' dir='ltr'><strong>motus</strong></span> <span class='ocrx_word' id='word_1_194' title='bbox 1074 2325 1294 2405; x_wconf 85' lang='lat' dir='ltr'><strong>integri</strong></span> <span class='ocrx_word' id='word_1_195' title='bbox 1346 2324 1406 2384; x_wconf 68' lang='grc' dir='ltr'>ἃ</span> <span class='ocrx_word' id='word_1_196' title='bbox 1451 2323 1716 2385; x_wconf 91' lang='lat' dir='ltr'><strong>absoluti</strong></span> <span class='ocrx_word' id='word_1_197' title='bbox 1764 2347 1887 2385; x_wconf 91' lang='lat' dir='ltr'><strong>non</strong></span> <span class='ocrx_word' id='word_1_198' title='bbox 1934 2327 2048 2385; x_wconf 92' lang='lat' dir='ltr'><strong>nisi</strong></span> <span class='ocrx_word' id='word_1_199' title='bbox 2094 2348 2206 2406; x_wconf 92' lang='lat' dir='ltr'><strong>per</strong></span> <span class='ocrx_word' id='word_1_200' title='bbox 2249 2326 2383 2388; x_wconf 93' lang='lat' dir='ltr'><strong>loca</strong></span> <span class='ocrx_word' id='word_1_201' title='bbox 2427 2329 2682 2389; x_wconf 93' lang='lat' dir='ltr'><strong>immota</strong></span> 
     </span>
     <span class='ocr_line' id='line_1_25' title="bbox 234 2421 2681 2504; baseline 0 -19"><span class='ocrx_word' id='word_1_202' title='bbox 234 2425 474 2486; x_wconf 89' lang='lat' dir='ltr'><strong>definiri</strong></span> <span class='ocrx_word' id='word_1_203' title='bbox 534 2438 836 2504; x_wconf 89' lang='lat' dir='ltr'><strong>possunt:</strong></span> <span class='ocrx_word' id='word_1_204' title='bbox 913 2424 972 2484; x_wconf 67' lang='grc' dir='ltr'>ἃ</span> <span class='ocrx_word' id='word_1_205' title='bbox 1031 2437 1361 2504; x_wconf 90' lang='lat' dir='ltr'><strong>propterea</strong></span> <span class='ocrx_word' id='word_1_206' title='bbox 1413 2422 1527 2483; x_wconf 90' lang='lat' dir='ltr'><strong>hos</strong></span> <span class='ocrx_word' id='word_1_207' title='bbox 1587 2423 1666 2482; x_wconf 91' lang='lat' dir='ltr'><strong>ad</strong></span> <span class='ocrx_word' id='word_1_208' title='bbox 1726 2421 1861 2483; x_wconf 90' lang='lat' dir='ltr'><strong>loca</strong></span> <span class='ocrx_word' id='word_1_209' title='bbox 1920 2425 2189 2496; x_wconf 89' lang='lat' dir='ltr'><strong>immota,</strong></span> <span class='ocrx_word' id='word_1_210' title='bbox 2252 2425 2542 2486; x_wconf 90' lang='lat' dir='ltr'><strong>relativos</strong></span> <span class='ocrx_word' id='word_1_211' title='bbox 2601 2427 2681 2486; x_wconf 94' lang='lat' dir='ltr'><strong>ad</strong></span> 
     </span>
     <span class='ocr_line' id='line_1_26' title="bbox 235 2522 2682 2604; baseline 0 -20"><span class='ocrx_word' id='word_1_212' title='bbox 235 2523 486 2585; x_wconf 91' lang='lat' dir='ltr'><strong>mobilia</strong></span> <span class='ocrx_word' id='word_1_213' title='bbox 551 2545 738 2603; x_wconf 88' lang='lat' dir='ltr'><strong>supra</strong></span> <span class='ocrx_word' id='word_1_214' title='bbox 804 2522 998 2583; x_wconf 89' lang='lat' dir='ltr'><strong>retuli.</strong></span> <span class='ocrx_word' id='word_1_215' title='bbox 1125 2523 1294 2582; x_wconf 91' lang='lat' dir='ltr'><strong>Loca</strong></span> <span class='ocrx_word' id='word_1_216' title='bbox 1361 2535 1570 2581; x_wconf 88' lang='lat' dir='ltr'><strong>autem</strong></span> <span class='ocrx_word' id='word_1_217' title='bbox 1632 2522 1886 2582; x_wconf 91' lang='lat' dir='ltr'><strong>immota</strong></span> <span class='ocrx_word' id='word_1_218' title='bbox 1946 2545 2068 2583; x_wconf 94' lang='lat' dir='ltr'><strong>non</strong></span> <span class='ocrx_word' id='word_1_219' title='bbox 2129 2537 2288 2595; x_wconf 89' lang='lat' dir='ltr'><strong>sunt,</strong></span> <span class='ocrx_word' id='word_1_220' title='bbox 2351 2525 2466 2584; x_wconf 92' lang='lat' dir='ltr'><strong>nisi</strong></span> <span class='ocrx_word' id='word_1_221' title='bbox 2541 2546 2682 2604; x_wconf 82' lang='lat' dir='ltr'><strong>quae</strong></span> 
     </span>
     <span class='ocr_line' id='line_1_27' title="bbox 235 2620 2682 2700; baseline -0.001 -16"><span class='ocrx_word' id='word_1_222' title='bbox 235 2625 444 2685; x_wconf 91' lang='lat' dir='ltr'><strong>omnia</strong></span> <span class='ocrx_word' id='word_1_223' title='bbox 488 2624 566 2683; x_wconf 91' lang='lat' dir='ltr'><strong>ab</strong></span> <span class='ocrx_word' id='word_1_224' title='bbox 613 2622 852 2683; x_wconf 89' lang='lat' dir='ltr'><strong>infinito</strong></span> <span class='ocrx_word' id='word_1_225' title='bbox 899 2623 959 2681; x_wconf 91' lang='lat' dir='ltr'><strong>in</strong></span> <span class='ocrx_word' id='word_1_226' title='bbox 1007 2621 1313 2682; x_wconf 93' lang='lat' dir='ltr'><strong>infinitum</strong></span> <span class='ocrx_word' id='word_1_227' title='bbox 1360 2620 1537 2680; x_wconf 91' lang='lat' dir='ltr'><strong>datas</strong></span> <span class='ocrx_word' id='word_1_228' title='bbox 1583 2634 1836 2680; x_wconf 86' lang='lat' dir='ltr'><strong>servant</strong></span> <span class='ocrx_word' id='word_1_229' title='bbox 1880 2622 2219 2700; x_wconf 90' lang='lat' dir='ltr'><strong>positiones</strong></span> <span class='ocrx_word' id='word_1_230' title='bbox 2264 2622 2344 2681; x_wconf 94' lang='lat' dir='ltr'><strong>ad</strong></span> <span class='ocrx_word' id='word_1_231' title='bbox 2383 2623 2682 2695; x_wconf 88' lang='lat' dir='ltr'><strong>invicem;</strong></span> 
     </span>
     <span class='ocr_line' id='line_1_28' title="bbox 235 2720 2682 2802; baseline 0 -20"><span class='ocrx_word' id='word_1_232' title='bbox 235 2735 422 2802; x_wconf 90' lang='lat' dir='ltr'><strong>atque</strong></span> <span class='ocrx_word' id='word_1_233' title='bbox 474 2722 633 2782; x_wconf 94' lang='lat' dir='ltr'><strong>adeo</strong></span> <span class='ocrx_word' id='word_1_234' title='bbox 685 2742 934 2800; x_wconf 89' lang='lat' dir='ltr'><strong>semper</strong></span> <span class='ocrx_word' id='word_1_235' title='bbox 985 2733 1240 2781; x_wconf 92' lang='lat' dir='ltr'><strong>manent</strong></span> <span class='ocrx_word' id='word_1_236' title='bbox 1292 2720 1563 2791; x_wconf 90' lang='lat' dir='ltr'><strong>immota,</strong></span> <span class='ocrx_word' id='word_1_237' title='bbox 1619 2721 2013 2801; x_wconf 89' lang='lat' dir='ltr'><strong>spatiumque</strong></span> <span class='ocrx_word' id='word_1_238' title='bbox 2072 2722 2456 2782; x_wconf 90' lang='lat' dir='ltr'><strong>constituunt</strong></span> <span class='ocrx_word' id='word_1_239' title='bbox 2514 2722 2682 2802; x_wconf 93' lang='lat' dir='ltr'><strong>quod</strong></span> 
     </span>
     <span class='ocr_line' id='line_1_29' title="bbox 236 2818 855 2899; baseline -0.002 -18"><span class='ocrx_word' id='word_1_240' title='bbox 236 2819 550 2881; x_wconf 91' lang='lat' dir='ltr'><strong>immobile</strong></span> <span class='ocrx_word' id='word_1_241' title='bbox 594 2818 855 2899; x_wconf 81' lang='lat' dir='ltr'><strong>appello,</strong></span> 
     </span>
    </p>

    <p class='ocr_par' dir='ltr' id='par_1_4' title="bbox 223 2917 2682 3887">
     <span class='ocr_line' id='line_1_30' title="bbox 349 2917 2679 2999; baseline 0 -21"><span class='ocrx_word' id='word_1_242' title='bbox 349 2919 588 2990; x_wconf 86' lang='lat' dir='ltr'><strong>Causae,</strong></span> <span class='ocrx_word' id='word_1_243' title='bbox 643 2919 867 2998; x_wconf 91' lang='lat' dir='ltr'><strong>quibus</strong></span> <span class='ocrx_word' id='word_1_244' title='bbox 919 2931 1125 2979; x_wconf 89' lang='lat' dir='ltr'><strong>motus</strong></span> <span class='ocrx_word' id='word_1_245' title='bbox 1176 2919 1308 2979; x_wconf 87' lang='lat' dir='ltr'><strong>veri</strong></span> <span class='ocrx_word' id='word_1_246' title='bbox 1363 2919 1423 2979; x_wconf 69' lang='grc' dir='ltr'>ἃ</span> <span class='ocrx_word' id='word_1_247' title='bbox 1476 2917 1714 2979; x_wconf 90' lang='lat' dir='ltr'><strong>relativi</strong></span> <span class='ocrx_word' id='word_1_248' title='bbox 1760 2918 2225 2999; x_wconf 89' lang='lat' dir='ltr'><strong>distinguuntur</strong></span> <span class='ocrx_word' id='word_1_249' title='bbox 2275 2919 2354 2979; x_wconf 93' lang='lat' dir='ltr'><strong>ab</strong></span> <span class='ocrx_word' id='word_1_250' title='bbox 2400 2919 2679 2991; x_wconf 87' lang='lat' dir='ltr'><strong>invicem,</strong></span> 
     </span>
     <span class='ocr_line' id='line_1_31' title="bbox 234 3018 2682 3098; baseline 0 -20"><span class='ocrx_word' id='word_1_251' title='bbox 234 3031 378 3078; x_wconf 90' lang='lat' dir='ltr'><strong>sunt</strong></span> <span class='ocrx_word' id='word_1_252' title='bbox 407 3018 570 3078; x_wconf 89' lang='lat' dir='ltr'><strong>vires</strong></span> <span class='ocrx_word' id='word_1_253' title='bbox 602 3019 662 3078; x_wconf 91' lang='lat' dir='ltr'><strong>in</strong></span> <span class='ocrx_word' id='word_1_254' title='bbox 695 3040 953 3098; x_wconf 89' lang='lat' dir='ltr'><strong>corpora</strong></span> <span class='ocrx_word' id='word_1_255' title='bbox 985 3019 1301 3097; x_wconf 86' lang='lat' dir='ltr'><strong>impressae</strong></span> <span class='ocrx_word' id='word_1_256' title='bbox 1334 3018 1413 3078; x_wconf 91' lang='lat' dir='ltr'><strong>ad</strong></span> <span class='ocrx_word' id='word_1_257' title='bbox 1446 3031 1684 3078; x_wconf 93' lang='lat' dir='ltr'><strong>motum</strong></span> <span class='ocrx_word' id='word_1_258' title='bbox 1714 3018 2159 3098; x_wconf 89' lang='lat' dir='ltr'><strong>generandum.</strong></span> <span class='ocrx_word' id='word_1_259' title='bbox 2251 3018 2466 3079; x_wconf 90' lang='lat' dir='ltr'><strong>Motus</strong></span> <span class='ocrx_word' id='word_1_260' title='bbox 2498 3040 2682 3078; x_wconf 89' lang='lat' dir='ltr'><strong>verus</strong></span> 
     </span>
     <span class='ocr_line' id='line_1_32' title="bbox 234 3117 2681 3198; baseline 0 -22"><span class='ocrx_word' id='word_1_261' title='bbox 234 3137 349 3177; x_wconf 90' lang='lat' dir='ltr'><strong>nec</strong></span> <span class='ocrx_word' id='word_1_262' title='bbox 394 3130 729 3198; x_wconf 90' lang='lat' dir='ltr'><strong>generatur</strong></span> <span class='ocrx_word' id='word_1_263' title='bbox 775 3138 889 3177; x_wconf 90' lang='lat' dir='ltr'><strong>nec</strong></span> <span class='ocrx_word' id='word_1_264' title='bbox 938 3130 1224 3188; x_wconf 91' lang='lat' dir='ltr'><strong>mutatur,</strong></span> <span class='ocrx_word' id='word_1_265' title='bbox 1277 3118 1392 3176; x_wconf 91' lang='lat' dir='ltr'><strong>nisi</strong></span> <span class='ocrx_word' id='word_1_266' title='bbox 1442 3139 1555 3196; x_wconf 91' lang='lat' dir='ltr'><strong>per</strong></span> <span class='ocrx_word' id='word_1_267' title='bbox 1600 3117 1765 3176; x_wconf 89' lang='lat' dir='ltr'><strong>vires</strong></span> <span class='ocrx_word' id='word_1_268' title='bbox 1815 3117 1875 3176; x_wconf 93' lang='lat' dir='ltr'><strong>in</strong></span> <span class='ocrx_word' id='word_1_269' title='bbox 1927 3118 2130 3196; x_wconf 91' lang='lat' dir='ltr'><strong>ipsum</strong></span> <span class='ocrx_word' id='word_1_270' title='bbox 2176 3139 2399 3197; x_wconf 92' lang='lat' dir='ltr'><strong>corpus</strong></span> <span class='ocrx_word' id='word_1_271' title='bbox 2446 3131 2681 3178; x_wconf 90' lang='lat' dir='ltr'><strong>motum</strong></span> 
     </span>
     <span class='ocr_line' id='line_1_33' title="bbox 236 3214 2682 3296; baseline 0 -22"><span class='ocrx_word' id='word_1_272' title='bbox 236 3215 611 3294; x_wconf 90' lang='lat' dir='ltr'><strong>impressas:</strong></span> <span class='ocrx_word' id='word_1_273' title='bbox 658 3228 723 3275; x_wconf 93' lang='lat' dir='ltr'><strong>at</strong></span> <span class='ocrx_word' id='word_1_274' title='bbox 767 3228 972 3275; x_wconf 94' lang='lat' dir='ltr'><strong>motus</strong></span> <span class='ocrx_word' id='word_1_275' title='bbox 1018 3214 1312 3275; x_wconf 86' lang='lat' dir='ltr'><strong>relativus</strong></span> <span class='ocrx_word' id='word_1_276' title='bbox 1356 3215 1639 3296; x_wconf 89' lang='lat' dir='ltr'><strong>generari</strong></span> <span class='ocrx_word' id='word_1_277' title='bbox 1687 3215 1748 3275; x_wconf 82' lang='lat'>&amp;</span> <span class='ocrx_word' id='word_1_278' title='bbox 1793 3216 2015 3275; x_wconf 91' lang='lat' dir='ltr'><strong>mutari</strong></span> <span class='ocrx_word' id='word_1_279' title='bbox 2047 3229 2255 3295; x_wconf 90' lang='lat' dir='ltr'><strong>potest</strong></span> <span class='ocrx_word' id='word_1_280' title='bbox 2285 3217 2418 3276; x_wconf 92' lang='lat' dir='ltr'><strong>sine</strong></span> <span class='ocrx_word' id='word_1_281' title='bbox 2449 3217 2682 3276; x_wconf 87' lang='lat' dir='ltr'><strong>viribus</strong></span> 
     </span>
     <span class='ocr_line' id='line_1_34' title="bbox 237 3313 2681 3393; baseline 0 -21"><span class='ocrx_word' id='word_1_282' title='bbox 237 3313 550 3392; x_wconf 88' lang='lat' dir='ltr'><strong>impressis</strong></span> <span class='ocrx_word' id='word_1_283' title='bbox 596 3314 657 3373; x_wconf 92' lang='lat' dir='ltr'><strong>in</strong></span> <span class='ocrx_word' id='word_1_284' title='bbox 703 3314 820 3374; x_wconf 93' lang='lat' dir='ltr'><strong>hoc</strong></span> <span class='ocrx_word' id='word_1_285' title='bbox 865 3336 1103 3393; x_wconf 78' lang='lat' dir='ltr'><strong>corpus,</strong></span> <span class='ocrx_word' id='word_1_286' title='bbox 1199 3314 1442 3374; x_wconf 85' lang='lat' dir='ltr'><strong>Sufficit</strong></span> <span class='ocrx_word' id='word_1_287' title='bbox 1480 3315 1644 3374; x_wconf 90' lang='lat' dir='ltr'><strong>enim</strong></span> <span class='ocrx_word' id='word_1_288' title='bbox 1684 3327 1752 3374; x_wconf 90' lang='lat' dir='ltr'><strong>ut</strong></span> <span class='ocrx_word' id='word_1_289' title='bbox 1784 3315 2214 3393; x_wconf 92' lang='lat' dir='ltr'><strong>imprimantur</strong></span> <span class='ocrx_word' id='word_1_290' title='bbox 2243 3316 2303 3374; x_wconf 91' lang='lat' dir='ltr'><strong>in</strong></span> <span class='ocrx_word' id='word_1_291' title='bbox 2335 3314 2454 3374; x_wconf 91' lang='lat' dir='ltr'><strong>alia</strong></span> <span class='ocrx_word' id='word_1_292' title='bbox 2484 3314 2681 3375; x_wconf 91' lang='lat' dir='ltr'><strong>solum</strong></span> 
     </span>
     <span class='ocr_line' id='line_1_35' title="bbox 238 3411 2681 3492; baseline -0 -20"><span class='ocrx_word' id='word_1_293' title='bbox 238 3433 495 3492; x_wconf 91' lang='lat' dir='ltr'><strong>corpora</strong></span> <span class='ocrx_word' id='word_1_294' title='bbox 541 3412 622 3472; x_wconf 94' lang='lat' dir='ltr'><strong>ad</strong></span> <span class='ocrx_word' id='word_1_295' title='bbox 671 3434 811 3492; x_wconf 82' lang='lat' dir='ltr'><strong>quae</strong></span> <span class='ocrx_word' id='word_1_296' title='bbox 861 3413 930 3473; x_wconf 89' lang='lat' dir='ltr'><strong>fit</strong></span> <span class='ocrx_word' id='word_1_297' title='bbox 978 3412 1208 3484; x_wconf 90' lang='lat' dir='ltr'><strong>relati0‚</strong></span> <span class='ocrx_word' id='word_1_298' title='bbox 1256 3426 1325 3473; x_wconf 94' lang='lat' dir='ltr'><strong>ut</strong></span> <span class='ocrx_word' id='word_1_299' title='bbox 1373 3413 1444 3472; x_wconf 93' lang='lat' dir='ltr'><strong>iis</strong></span> <span class='ocrx_word' id='word_1_300' title='bbox 1482 3413 1846 3473; x_wconf 90' lang='lat' dir='ltr'><strong>cedentibus</strong></span> <span class='ocrx_word' id='word_1_301' title='bbox 1883 3425 2155 3472; x_wconf 89' lang='lat' dir='ltr'><strong>mutetur</strong></span> <span class='ocrx_word' id='word_1_302' title='bbox 2202 3411 2416 3473; x_wconf 90' lang='lat' dir='ltr'><strong>relatio</strong></span> <span class='ocrx_word' id='word_1_303' title='bbox 2462 3412 2575 3483; x_wconf 91' lang='lat' dir='ltr'><strong>illa,</strong></span> <span class='ocrx_word' id='word_1_304' title='bbox 2622 3413 2681 3472; x_wconf 90' lang='lat' dir='ltr'><strong>in</strong></span> 
     </span>
     <span class='ocr_line' id='line_1_36' title="bbox 237 3510 2682 3591; baseline 0 -22"><span class='ocrx_word' id='word_1_305' title='bbox 237 3531 361 3590; x_wconf 91' lang='lat' dir='ltr'><strong>qua</strong></span> <span class='ocrx_word' id='word_1_306' title='bbox 404 3510 585 3591; x_wconf 90' lang='lat' dir='ltr'><strong>hujus</strong></span> <span class='ocrx_word' id='word_1_307' title='bbox 631 3511 806 3590; x_wconf 92' lang='lat' dir='ltr'><strong>quies</strong></span> <span class='ocrx_word' id='word_1_308' title='bbox 837 3510 936 3571; x_wconf 91' lang='lat' dir='ltr'><strong>vel</strong></span> <span class='ocrx_word' id='word_1_309' title='bbox 983 3525 1188 3572; x_wconf 92' lang='lat' dir='ltr'><strong>motus</strong></span> <span class='ocrx_word' id='word_1_310' title='bbox 1236 3511 1530 3572; x_wconf 83' lang='lat' dir='ltr'><strong>relativus</strong></span> <span class='ocrx_word' id='word_1_311' title='bbox 1567 3513 1862 3573; x_wconf 89' lang='lat' dir='ltr'><strong>consistit.</strong></span> <span class='ocrx_word' id='word_1_312' title='bbox 1961 3512 2232 3571; x_wconf 92' lang='lat' dir='ltr'><strong>Rursum</strong></span> <span class='ocrx_word' id='word_1_313' title='bbox 2264 3523 2467 3582; x_wconf 89' lang='lat' dir='ltr'><strong>motus</strong></span> <span class='ocrx_word' id='word_1_314' title='bbox 2499 3532 2682 3570; x_wconf 89' lang='lat' dir='ltr'><strong>verus</strong></span> 
     </span>
     <span class='ocr_line' id='line_1_37' title="bbox 239 3609 2681 3690; baseline -0.001 -22"><span class='ocrx_word' id='word_1_315' title='bbox 239 3629 277 3668; x_wconf 90' lang='lat' dir='ltr'><strong>a</strong></span> <span class='ocrx_word' id='word_1_316' title='bbox 326 3609 559 3669; x_wconf 89' lang='lat' dir='ltr'><strong>viribus</strong></span> <span class='ocrx_word' id='word_1_317' title='bbox 612 3609 672 3668; x_wconf 92' lang='lat' dir='ltr'><strong>in</strong></span> <span class='ocrx_word' id='word_1_318' title='bbox 726 3631 947 3688; x_wconf 83' lang='lat' dir='ltr'><strong>corpus</strong></span> <span class='ocrx_word' id='word_1_319' title='bbox 1007 3623 1244 3671; x_wconf 92' lang='lat' dir='ltr'><strong>motum</strong></span> <span class='ocrx_word' id='word_1_320' title='bbox 1306 3611 1622 3689; x_wconf 89' lang='lat' dir='ltr'><strong>impressis</strong></span> <span class='ocrx_word' id='word_1_321' title='bbox 1681 3632 1930 3690; x_wconf 91' lang='lat' dir='ltr'><strong>semper</strong></span> <span class='ocrx_word' id='word_1_322' title='bbox 1990 3622 2296 3680; x_wconf 89' lang='lat' dir='ltr'><strong>mutatur;</strong></span> <span class='ocrx_word' id='word_1_323' title='bbox 2362 3621 2427 3668; x_wconf 91' lang='lat' dir='ltr'><strong>at</strong></span> <span class='ocrx_word' id='word_1_324' title='bbox 2477 3620 2681 3667; x_wconf 90' lang='lat' dir='ltr'><strong>motus</strong></span> 
     </span>
     <span class='ocr_line' id='line_1_38' title="bbox 241 3704 2680 3769; baseline -0.001 -4"><span class='ocrx_word' id='word_1_325' title='bbox 241 3704 532 3766; x_wconf 92' lang='lat' dir='ltr'><strong>relativus</strong></span> <span class='ocrx_word' id='word_1_326' title='bbox 583 3707 663 3767; x_wconf 93' lang='lat' dir='ltr'><strong>ab</strong></span> <span class='ocrx_word' id='word_1_327' title='bbox 715 3707 810 3767; x_wconf 92' lang='lat' dir='ltr'><strong>his</strong></span> <span class='ocrx_word' id='word_1_328' title='bbox 862 3708 1096 3768; x_wconf 88' lang='lat' dir='ltr'><strong>viribus</strong></span> <span class='ocrx_word' id='word_1_329' title='bbox 1152 3730 1274 3769; x_wconf 95' lang='lat' dir='ltr'><strong>non</strong></span> <span class='ocrx_word' id='word_1_330' title='bbox 1329 3721 1603 3768; x_wconf 90' lang='lat' dir='ltr'><strong>mutatur</strong></span> <span class='ocrx_word' id='word_1_331' title='bbox 1654 3709 2015 3769; x_wconf 90' lang='lat' dir='ltr'><strong>necessario.</strong></span> <span class='ocrx_word' id='word_1_332' title='bbox 2113 3709 2280 3767; x_wconf 93' lang='lat' dir='ltr'><strong>Nam</strong></span> <span class='ocrx_word' id='word_1_333' title='bbox 2333 3707 2382 3766; x_wconf 92' lang='lat' dir='ltr'><strong>si</strong></span> <span class='ocrx_word' id='word_1_334' title='bbox 2443 3706 2680 3766; x_wconf 86' lang='lat' dir='ltr'><strong>eaedem</strong></span> 
     </span>
     <span class='ocr_line' id='line_1_39' title="bbox 223 3803 2682 3887; baseline -0.001 -23"><span class='ocrx_word' id='word_1_335' title='bbox 223 3804 406 3865; x_wconf 67' lang='lat' dir='ltr'><strong>‘vires</strong></span> <span class='ocrx_word' id='word_1_336' title='bbox 455 3805 515 3865; x_wconf 92' lang='lat' dir='ltr'><strong>in</strong></span> <span class='ocrx_word' id='word_1_337' title='bbox 563 3803 682 3866; x_wconf 90' lang='lat' dir='ltr'><strong>alia</strong></span> <span class='ocrx_word' id='word_1_338' title='bbox 728 3807 915 3867; x_wconf 91' lang='lat' dir='ltr'><strong>etiam</strong></span> <span class='ocrx_word' id='word_1_339' title='bbox 965 3829 1237 3887; x_wconf 89' lang='lat' dir='ltr'><strong>corpora,</strong></span> <span class='ocrx_word' id='word_1_340' title='bbox 1285 3808 1364 3868; x_wconf 92' lang='lat' dir='ltr'><strong>ad</strong></span> <span class='ocrx_word' id='word_1_341' title='bbox 1414 3829 1555 3887; x_wconf 80' lang='lat' dir='ltr'><strong>quae</strong></span> <span class='ocrx_word' id='word_1_342' title='bbox 1604 3807 1672 3868; x_wconf 88' lang='lat' dir='ltr'><strong>fit</strong></span> <span class='ocrx_word' id='word_1_343' title='bbox 1717 3806 1945 3878; x_wconf 88' lang='lat' dir='ltr'><strong>relatio,</strong></span> <span class='ocrx_word' id='word_1_344' title='bbox 1994 3807 2080 3866; x_wconf 91' lang='lat' dir='ltr'><strong>sic</strong></span> <span class='ocrx_word' id='word_1_345' title='bbox 2126 3805 2566 3884; x_wconf 88' lang='lat' dir='ltr'><strong>imprimantur,</strong></span> <span class='ocrx_word' id='word_1_346' title='bbox 2614 3815 2682 3862; x_wconf 91' lang='lat' dir='ltr'><strong>ut</strong></span> 
     </span>
    </p>
   </div>
  </div>
 </body>
</html>
