2846 4250
1157 63 1399 156 LIBER
1435 107 1775 162 TERTIUS.
2572 121 2697 183 479

119 300 133 308 »-
234 253 570 338 longitudo
596 251 816 315 ultimo
843 252 1192 327 observata,
1224 253 1331 315 ubi
1373 267 1619 317 cometa
1658 255 1859 317 videri
1902 254 2146 317 desinit.
2237 254 2488 336 Agatur
2526 268 2695 317 recta

131 396 134 402 -
241 354 489 427 ΑΒΕ,
537 353 712 434 cujus
755 363 965 432 partes
993 351 1166 424 AB,
1197 352 1343 412 BC
1379 353 1563 414 rectis
1605 353 1755 428 QA
1792 353 1854 414 &
1885 353 2045 428 QB,
2080 353 2221 428 QB
2251 351 2312 413 Sc
2343 353 2399 427 Q
2425 353 2482 413 C
2507 353 2691 414 inter-

233 453 422 536 jectae
470 451 598 512 sint
635 450 719 511 ad
770 449 1037 510 invicem
1083 462 1154 510 ut
1210 462 1494 530 tempora
1539 451 1700 511 inter
1724 441 2216 540 'observationes
2273 462 2399 510 tres
2442 451 2689 530 primas,

247 549 632 611 Producatur
671 547 741 608 A
775 546 834 608 C
855 546 937 607 ad
973 546 1050 621 G,
1083 559 1153 607 ut
1179 547 1262 608 sit
1290 548 1358 607 A
1388 547 1448 608 G
1490 547 1572 608 ad
1614 548 1684 608 A
1707 549 1773 608 B
1801 561 1871 608 ut
1915 561 2163 628 tempus
2212 547 2372 608 inter
2399 548 2690 609 observa-
2787 573 2792 577 ·

241 646 477 709 tionem
505 645 770 726 primam
801 643 863 704 &
891 641 1172 703 ultimam
1202 643 1284 704 ad
1327 656 1576 724 tempus
1616 645 1777 706 inter
1805 646 2307 707 observationem
2338 645 2599 724 primam
2632 645 2692 705 &

241 746 596 817 secundam,
630 744 692 805 &
724 745 1028 826 jungatur
1072 743 1129 818 Q
1160 742 1234 804 G.
1329 743 1419 804 Et
1447 744 1499 804 si
1530 756 1774 805 cometa
1817 757 2173 806 moveretur
2215 743 2601 804 uniformiter
2630 744 2691 803 in

151 883 157 888 ·
241 845 406 907 linea
435 857 617 916 recta,
642 856 833 923 atque
862 855 1026 903 terra
1053 840 1155 902 vel
1187 842 1547 922 quiesceret,
1572 841 1673 903 vel
1704 844 1891 904 etiam
1923 844 1984 904 in
2015 843 2179 904 linea
2208 855 2376 903 recta
2404 842 2693 904 uniformi

241 965 383 1005 cum
429 955 602 1004 motu
654 940 1135 1022 progrederetur
1161 962 1174 1012 ;
1231 939 1394 1001 foret
1449 939 1714 1021 angulus
1778 958 1822 1003 φ
1853 942 1909 1016 Q
1936 942 1995 1002 G
2044 940 2368 1022 longitudo
2427 953 2688 1002 cometae

240 1053 523 1121 ternpore
566 1038 1020 1101 observationis
1051 1036 1301 1099 ultimae.
1394 1038 1687 1120 Angulus
1719 1038 1905 1120 igitur
1931 1041 2001 1099 F
2012 1039 2068 1114 Q
2100 1039 2172 1111 G,
2206 1039 2312 1118 qui
2356 1036 2689 1120 longitudi-

242 1161 391 1200 num
422 1138 771 1200 differentia
800 1149 911 1210 est,
943 1137 1137 1198 oritur
1165 1137 1245 1197 ab
1290 1136 1708 1217 inaequalitate
1752 1150 2034 1199 motuum
2079 1148 2339 1197 cometae
2386 1158 2457 1196 ac
2487 1149 2683 1199 terrae.

246 1238 374 1298 Hic
403 1250 612 1298 autem
642 1234 922 1317 anguluS,
954 1235 1006 1295 si
1037 1247 1201 1295 terra
1232 1234 1292 1295 &
1322 1248 1566 1297 cometa
1612 1236 1675 1296 in
1719 1235 2055 1296 contrarias
2103 1247 2311 1313 partes
2342 1247 2688 1308 moventur,

239 1337 492 1398 additur
518 1334 749 1417 angulo
791 1350 836 1395 ‘r‘
866 1334 923 1408 Q
949 1334 1022 1404 G,
1057 1332 1117 1394 &
1146 1333 1235 1394 sic
1281 1347 1521 1398 motum
1568 1347 1973 1414 apparentem
2018 1345 2278 1393 cometae
2318 1331 2691 1394 velociorem

239 1434 483 1496 reddit:
528 1434 623 1494 sin
669 1444 913 1493 cometa
954 1431 1161 1511 pergit
1204 1432 1267 1491 in
1310 1432 1564 1492 easdem
1595 1444 1803 1511 partes
1834 1453 1974 1492 cum
2005 1444 2185 1505 terra,
2220 1431 2424 1491 eidem
2455 1431 2686 1491 subdu-

239 1533 412 1605 citur,
445 1543 810 1610 motumque
839 1542 1101 1590 cometae
1131 1526 1234 1589 vel
1265 1528 1601 1589 tardiorem
1632 1528 1854 1601 reddit,
1887 1527 1989 1588 vel
2032 1528 2193 1588 forte
2223 1528 2689 1608 retrogradum;

239 1633 329 1694 uti
381 1630 571 1692 modo
628 1627 907 1709 exposui.
1023 1626 1240 1687 Oritur
1290 1626 1479 1707 igitur
1535 1625 1634 1686 hic
1691 1624 1957 1706 angulus
2016 1623 2328 1704 praecipue
2387 1645 2466 1683 ex
2517 1637 2690 1685 motu

240 1744 437 1801 terrae,
471 1728 533 1790 &
579 1727 806 1788 idcirco
836 1746 950 1805 pro
979 1723 1278 1804 parallaxi
1326 1737 1586 1785 cometae
1631 1724 1852 1784 merito
1898 1723 2222 1793 habendus
2264 1737 2373 1795 est,
2408 1722 2692 1804 neglecto

239 1827 532 1890 videlicet
577 1827 711 1908 ejus
759 1826 1141 1885 incremento
1171 1821 1272 1884 vel
1320 1823 1719 1884 decremento
1772 1821 2083 1894 nonnullo,
2132 1821 2302 1901 quod
2350 1843 2387 1881 a
2431 1834 2690 1882 cometae

241 1941 414 1989 motu
444 1922 800 2007 inaequabili
837 1924 899 1984 in
930 1923 1082 1985 orbe
1110 1922 1363 2003 proprio
1393 1922 1536 1983 oriri
1566 1922 1781 2002 possit.
1878 1920 2193 1982 Distantia
2235 1941 2386 1980 vero
2432 1933 2691 1980 cometae

240 3739 322 3779 ex
350 3715 467 3778 hac
496 3713 791 3797 parallaxi
835 3705 1275 3795 sic'colligitur.
1372 3712 1683 3794 Designet
1711 3711 1768 3771 S
1792 3707 2004 3781 solem,
2036 3728 2077 3766 a
2097 3727 2127 3766 c
2161 3705 2224 3765 T
2258 3701 2473 3764 orbem
2508 3721 2681 3782 mag-

243 3837 408 3888 num,
439 3836 480 3875 a
507 3813 711 3876 locum
742 3824 922 3874 terrae
953 3811 1014 3872 in
1045 3810 1481 3873 observatione
1512 3810 1723 3890 prima,
1755 3830 1785 3868 c
1813 3806 2014 3869 locum
2060 3818 2240 3864 terrae
2286 3802 2346 3861 in
2392 3800 2680 3862 observa-
