2852 4250
111 828 116 833 ·
221 805 285 866 in
331 805 482 866 data
524 803 736 884 aliqua
778 802 1037 863 ratione.
1132 800 1265 862 Sed
1314 799 1391 872 &‚

169 211 174 215 ι
240 135 355 195 128
1054 131 1169 180 DE
1201 130 1440 182 MOTU
1465 129 1909 182 CORPORUM

228 299 617 364 descendere
640 298 723 361 ad
747 310 1049 371 centrum,
1075 294 1178 360 vel
1210 298 1293 359 ab
1324 319 1402 359 eo

227 401 486 484 oblique
529 399 887 473 ascendere,
921 399 1125 482 figura
1185 399 1251 460 V
1257 400 1326 461 R
1351 400 1408 460 S

225 502 329 565 vel
401 499 751 584 hyperbola
819 501 903 562 sit
968 498 1071 562 vel
1143 498 1395 581 ellipsis,

225 602 493 665 inveniri
525 614 737 683 potest
767 600 1123 683 trajectoria
1159 621 1396 683 augen-

223 703 309 767 do
339 701 442 766 vel
475 702 820 764 minuendo
851 699 1154 783 angulum
1202 701 1267 762 V
1273 700 1331 761 C
1333 701 1398 760 P
1451 728 1494 766 v

217 906 282 966 vi
303 905 649 985 centripeta
669 904 731 964 in
752 902 1168 984 centrifugam
1188 922 1389 973 versa,

217 1005 520 1067 ascendet
572 1026 799 1085 corpus
852 1001 1109 1084 oblique
1155 1003 1218 1063 in
1266 1014 1388 1063 tra-

206 1107 471 1189 jectoria
546 1106 611 1166 V
622 1106 688 1166 P
711 1105 785 1181 Q,
859 1126 1003 1185 quae
1071 1103 1393 1165 invenitur

212 1206 522 1287 capiendo
554 1203 857 1288 angulum
906 1205 971 1265 V
990 1205 1047 1266 C
1063 1205 1129 1265 P
1158 1203 1387 1265 sectori

210 1306 484 1388 elliptico
549 1307 613 1368 V
625 1308 693 1367 R
723 1306 781 1367 C
826 1303 1382 1387 proportionalem,

209 1408 272 1470 &
316 1407 779 1492 longitudinem
830 1407 888 1468 C
899 1408 964 1467 P
1004 1405 1386 1490 longitudini

213 1510 272 1571 C
299 1510 365 1571 T
397 1507 708 1590 aequalem
754 1521 825 1569 ut
865 1530 1068 1589 supra.
1164 1508 1663 1589 Consequuntur
1706 1505 1845 1569 haec
1890 1510 2106 1572 omnia
2146 1533 2227 1574 ex
2279 1517 2716 1597 propositione
2784 1504 2788 1509 ¹

204 1610 624 1692 praecedente,
659 1631 774 1691 per
803 1632 1013 1671 curvae
1059 1609 1388 1692 cujusdam
1435 1608 1904 1690 quadraturam,
1938 1612 2116 1694 cujus
2162 1613 2613 1694 inventionem,
2646 1634 2718 1683 ut

202 1712 356 1774 satis
386 1710 649 1785 facilem,
684 1712 1012 1774 brevitatis
1041 1713 1248 1796 gratia
1277 1712 1538 1773 missam
1569 1710 1749 1773 faciO.

403 1935 1047 1999 PROPOSITIO
1128 1938 1386 2001 XLII.
1522 1937 2103 2001 PROBLEMA
2185 1939 2495 2005 XXIX.

196 2068 377 2129 Data
436 2068 561 2150 lege
616 2068 710 2130 vis
767 2069 1124 2151 centripetae,
1187 2068 1551 2152 requiritur
1607 2077 1812 2131 motus
1868 2069 2147 2151 corporis
2213 2070 2288 2133 de
2358 2073 2482 2135 loco
2548 2073 2711 2151 dato,

538 2169 691 2230 dala
719 2192 859 2231 cum
891 2170 1215 2247 velocitate,
1247 2170 1581 2232 secundum
1611 2171 1831 2232 datam
1862 2180 2093 2233 rectam
2122 2173 2358 2256 egressi.

308 2299 640 2363 Stantibus
701 2323 846 2383 quae
907 2300 970 2362 in
1032 2300 1234 2363 tribus
1294 2300 1836 2384 propositionibus
1897 2302 2454 2385 praecedentibus:
2524 2322 2712 2373 exeat

1103 2415 1147 2449 A
1382 2415 1422 2454 B

1159 2671 1196 2712 1>
1409 2613 1872 2726 Ὗ
1912 2602 1952 2633 ⁰

345 2724 605 2869 s
1422 2629 1854 3348 v(

1161 2929 1201 2979 1>
1463 2912 1517 2979 Δ
1780 2961 1817 3000 c

816 3023 957 3094 ΚΛΝ
1403 2986 1437 3044 6

1152 3341 1184 3378 θ
1357 3344 1396 3384 v
1723 3356 1775 3408 9-
2464 3362 2573 3402 mx

752 3427 808 3486 k

1148 3833 1182 3873 C
