2846 4250
1092 110 1336 160 LIBER
1374 111 1714 163 TERTIUS.
2498 124 2620 199 465

181 299 266 358 90
290 278 589 362 gradibus
616 275 853 337 distant
879 295 919 335 a
946 269 1096 348 sole,
1127 272 1265 334 sive
1293 271 1501 335 elevet
1543 275 1809 336 eandem
1855 277 1918 338 in
1962 280 2318 361 regionibus
2347 285 2465 346 sub
2494 284 2626 347 sole

179 377 243 440 &
270 377 384 439 soli
414 374 733 457 oppositis,
763 373 900 434 haec
942 393 1188 432 summa
1216 372 1334 433 erit
1374 385 1510 433 tota
1550 371 1699 434 solis
1741 375 1839 435 vis
1886 377 1968 436 ad
2013 399 2183 440 mare
2226 382 2628 463 agitandum;

179 474 242 536 8c
270 475 542 537 eundem
570 471 825 533 habebit
853 469 1159 542 effectum,
1191 492 1263 531 ac
1306 470 1358 531 si
1403 482 1536 532 tota
1582 471 1643 530 in
1689 473 2046 554 regionibus
2091 477 2208 537 sub
2252 477 2383 540 sole
2422 480 2482 540 &
2511 481 2626 543 soli

177 571 480 654 oppositis
511 591 681 631 mare
710 567 999 639 elevaret,
1031 567 1095 628 in
1125 567 1483 650 regionibus
1512 581 1723 630 autem
1753 592 1897 652 quae
1941 593 2024 649 90
2064 575 2363 656 gradibus
2393 578 2628 640 distant

178 692 219 732 a
246 669 379 732 sole
409 667 494 730 nil
524 678 756 750 ageret.

296 768 461 830 Haec
503 780 600 829 est
627 766 724 828 vis
766 763 915 827 solis
957 763 1041 825 ad
1084 784 1256 825 mare
1299 763 1588 825 ciendum
1635 765 1698 825 in
1749 764 1886 829 loco
1929 771 2153 850 quovis
2182 772 2346 845 dato,
2378 774 2485 835 ubi
2535 773 2628 836 sol

123 909 128 913 -
175 867 396 927 tamin
429 865 661 926 vertice
689 862 808 925 loci
836 874 1124 924 versatur
1164 883 1356 943 quam
1402 863 1463 922 in
1508 863 1805 926 mediocri
1855 888 1971 928 sua
2020 869 2316 931 distantia
2357 894 2397 933 a
2447 885 2624 934 terra.

182 965 256 1026 In
287 963 422 1026 aliis
450 962 599 1026 solis
641 961 1053 1043 positionibus
1082 961 1179 1022 vis
1209 961 1291 1022 ad
1322 982 1494 1023 mare
1536 962 1948 1025 attollendum
1978 980 2075 1028 est
2102 980 2173 1028 ut
2207 968 2379 1030 sinus
2409 991 2628 1031 versus

175 1063 385 1145 duplae
413 1062 756 1125 altitudinis
785 1059 933 1123 solis
962 1082 1152 1141 supra
1180 1060 1565 1123 horizontem
1595 1061 1712 1124 loci
1743 1064 1976 1127 directe
2007 1065 2069 1128 81
2090 1068 2285 1129 cubus
2314 1069 2627 1132 distantiae

177 1161 326 1225 solis
355 1184 394 1223 a
423 1175 588 1223 terra
618 1161 879 1222 inverse.

295 1262 494 1323 Corol.
549 1260 711 1322 Cum
761 1259 859 1320 vis
916 1257 1261 1340 centrifuga
1316 1259 1586 1339 partium
1634 1272 1814 1322 terrae
1862 1283 1900 1322 a
1950 1263 2172 1325 diurno
2223 1277 2405 1327 terrae
2457 1279 2628 1327 motu

177 1359 455 1431 oriunda,
487 1379 630 1439 quae
674 1369 772 1418 est
812 1357 894 1417 ad
938 1356 1068 1417 vim
1109 1357 1435 1439 gravitatis
1483 1370 1553 1418 ut
1608 1378 1630 1418 1
1687 1359 1768 1420 ad
1817 1363 1953 1437 289,
1986 1362 2213 1423 efficiat
2255 1376 2325 1424 ut
2369 1363 2632 1426 altitudo

178 1478 363 1538 aquae
391 1457 508 1517 sub
538 1467 858 1536 aequatore
886 1466 1140 1534 superet
1168 1454 1302 1535 ejus
1325 1453 1715 1516 altitudinem
1745 1458 1863 1518 sub
1891 1457 2051 1538 polis
2082 1482 2372 1523 mensura
2399 1463 2633 1542 pedum

178 1555 635 1622 Parz'sz'ensz'um
666 1555 702 1615 8
711 1571 889 1631 5472,
923 1565 992 1613 ut
1020 1573 1209 1632 supra
1237 1551 1300 1612 in
1332 1574 1504 1633 prop.
1541 1573 1690 1628 xlx;
1732 1555 1828 1615 vis
1859 1556 2075 1619 solaris
2106 1559 2187 1620 de
2218 1582 2344 1641 qua
2373 1561 2633 1642 egimuS,

180 1676 321 1716 cum
352 1655 433 1715 sit
460 1653 540 1714 ad
571 1653 701 1714 vim
729 1651 1056 1734 gravitatis
1085 1663 1155 1711 ut
1208 1671 1229 1711 1
1283 1651 1364 1711 ad
1419 1654 1762 1724 12868200,
1795 1667 1984 1735 atque
2027 1657 2168 1718 ideo
2198 1658 2279 1718 ad
2309 1659 2438 1719 vim
2470 1658 2635 1719 illam

180 1753 589 1835 centrifugam
634 1764 703 1812 ut
750 1753 870 1828 289
914 1750 996 1811 ad
1050 1751 1380 1812 12868200
1424 1772 1535 1811 seu
1576 1772 1596 1811 1
1637 1752 1717 1812 ad
1763 1771 1924 1831 4452
1940 1772 1988 1832 7,
2022 1755 2247 1817 efficiet
2276 1770 2345 1817 ut
2373 1756 2636 1819 altitudo

179 1874 362 1933 aquae
393 1851 454 1912 in
485 1850 843 1932 regionibus
873 1849 993 1910 sub
1022 1846 1154 1909 sole
1200 1847 1260 1908 &
1304 1848 1418 1910 soli
1464 1850 1769 1929 oppositis
1799 1866 2052 1931 superet
2080 1852 2470 1917 altitudinem
2502 1857 2635 1937 ejus

181 1949 244 2011 in
274 1948 440 2020 locis,
473 1970 616 2029 quae
647 1968 729 2024 90
757 1947 1056 2029 gradibus
1087 1946 1322 2007 distant
1361 1969 1399 2008 a
1442 1946 1590 2022 sole,
1625 1969 1916 2009 mensura
1960 1963 2200 2011 tantum
2245 1953 2424 2032 pedis
2454 1954 2636 2014 unius

179 2047 559 2109 Parz'szenszsss·
609 2046 671 2107 &
716 2047 1053 2128 digitorum
1101 2045 1391 2106 undecim
1444 2068 1585 2107 cum
1637 2046 1948 2108 tricesima
1997 2063 2175 2129 parte
2222 2050 2417 2132 digiti.
2513 2051 2638 2113 Est

179 2146 347 2208 enim
378 2146 512 2207 haec
543 2166 834 2206 mensura
862 2144 942 2204 ad
973 2165 1329 2205 mensuram
1359 2145 1593 2225 pedum
1625 2148 1661 2206 8
1671 2163 1828 2225 5472
1865 2160 1933 2208 ut
1972 2167 1993 2206 1
2033 2148 2114 2208 ad
2145 2166 2307 2227 4452
2323 2166 2371 2227 7.

314 2407 945 2470 PROPOSITIO
1024 2407 1446 2470 XXXVII.
1572 2409 2136 2487 PROBLEMA
2216 2409 2509 2471 XVIII.

740 2588 1034 2649 Invenire
1059 2587 1184 2649 vim
1213 2590 1382 2650 lunae
1406 2589 1496 2650 ad
1518 2611 1691 2650 mare
1715 2590 2083 2652 movendum.

299 2770 417 2831 Vis
446 2768 610 2831 lunae
641 2769 722 2830 ad
753 2790 923 2829 mare
953 2768 1334 2829 movendum
1360 2768 1709 2851 colligenda
1731 2782 1828 2830 est
1857 2791 1936 2830 ex
1966 2770 2099 2851 ejus
2129 2770 2529 2849 proportione
2559 2770 2640 2830 ad

185 2868 315 2930 vim
366 2868 529 2940 soliS‚
563 2867 625 2929 &
671 2867 806 2928 haec
857 2868 1176 2947 proportio
1234 2867 1584 2949 colligenda
1634 2882 1730 2929 est
1779 2891 1859 2930 ex
1907 2868 2308 2948 proportione
2359 2881 2640 2928 motuum

186 2969 389 3040 mariS‚
442 2967 549 3049 qui
600 2967 681 3028 ab
728 2966 824 3027 his
875 2966 1110 3027 viribus
1158 2967 1453 3028 oriuntur.
1546 2967 1721 3029 Ante
1772 2968 1999 3029 ostium
2053 2967 2224 3027 fluvii
2268 2968 2514 3028 Avonae
2561 2968 2641 3028 ad

186 3064 459 3146 lapidem
504 3065 754 3126 tertium
811 3063 969 3124 infra
1013 3065 1385 3125 Brz'stoliam
1418 3077 1699 3145 ternpore
1742 3087 1938 3126 verno
1984 3064 2044 3124 &
2088 3063 2428 3125 autumnali
2477 3078 2644 3126 totus

187 3185 368 3244 aquae
398 3184 692 3223 ascensus
724 3163 786 3223 in
817 3163 1251 3244 conjunctione
1298 3163 1358 3224 ἃ
1401 3165 1796 3244 oppositione
1826 3163 2234 3235 luminarium,
2268 3164 2642 3225 observante

189 3262 474 3322 Samuele
511 3260 811 3332 Sturmz'O,
865 3274 963 3321 est
1004 3261 1238 3341 pedum
1284 3261 1424 3341 plus
1470 3262 1674 3322 minus
1723 3280 1821 3339 45,
1877 3263 1938 3322 in
1988 3262 2381 3342 quadraturis
2429 3276 2638 3322 autem

188 3371 285 3421 est
313 3359 547 3439 pedum
578 3371 820 3419 tantum
853 3379 885 3418 2
897 3377 947 3437 5.
1038 3358 1330 3421 Altitudo
1360 3360 1529 3440 prior
1558 3383 1638 3421 ex
1681 3383 1928 3422 summa
1956 3360 2196 3433 virium,
2229 3362 2535 3440 posterior
2564 3382 2642 3420 ex

188 3457 528 3518 earundem
572 3457 921 3518 differentia
966 3457 1175 3519 oritur.
1268 3457 1435 3519 Solis
1483 3458 1672 3540 igitur
1719 3459 1779 3520 &
1826 3458 1989 3520 lunae
2035 3460 2097 3519 in
2147 3472 2462 3538 aequatore
2506 3478 2638 3518 ver-

188 3555 458 3616 santium
490 3554 551 3615 &
591 3555 983 3616 mediocriter
1025 3577 1064 3615 a
1107 3568 1270 3616 terra
1314 3556 1678 3617 distantium
1712 3570 1898 3619 sunto
1942 3558 2107 3618 vires
2156 3557 2200 3617 S
2236 3556 2295 3616 ἃ
2331 3556 2400 3628 L,
2435 3555 2495 3616 Sc
2526 3556 2642 3616 erit

194 3654 382 3722 L÷S
415 3653 496 3714 ad
533 3653 720 3714 L—S
753 3666 823 3714 ut
851 3671 929 3732 45
964 3653 1045 3714 ad
1080 3671 1178 3731 25,
1210 3675 1322 3716 seu
1355 3675 1392 3731 9
1424 3654 1505 3715 ad
1540 3672 1592 3733 5.

1372 3830 1468 3870 2G
