2852 4250
191 108 314 167 286
703 70 707 75 ·
1013 109 1131 158 DE
1164 109 1404 159 MOTU
1437 108 1880 159 CORPORUM

185 275 324 336 sive
370 274 566 338 fluido
611 273 807 338 libere
854 276 1110 349 innatet,
1158 276 1296 337 sive
1340 274 1540 336 fundo
1586 273 1924 335 incumbat.
2025 273 2247 336 Habet
2297 275 2468 338 enim
2521 277 2695 341 fluidi

185 398 333 457 pars
379 375 680 457 quaelibet
725 377 972 439 interna
1019 376 1328 438 rationem
1374 374 1655 455 corporis
1707 373 2036 446 submersi,
2086 373 2148 435 &
2208 396 2325 456 par
2381 389 2480 438 est
2538 380 2699 442 ratio

184 477 470 538 omnium
559 477 847 560 ejusdem
939 474 1410 559 magnitudiniS,
1505 474 1725 557 figurae
1816 474 1878 536 &
1964 475 2297 558 gravitatis
2385 478 2696 558 specificae

185 567 660 639 submersorum
722 599 1074 659 corporum.
1199 576 1269 637 Si
1331 596 1560 656 corpus
1621 575 2023 636 submersum
2082 588 2338 638 servato
2411 577 2697 658 pondere

182 674 560 758 liquesceret
606 676 667 739 8z
713 677 1004 738 indueret
1048 676 1318 738 formam
1379 675 1591 749 fluidi;
1653 674 1790 747 hoe,
1838 675 1890 736 si
1944 676 2117 756 prius
2162 676 2536 740 ascenderet
2594 679 2698 741 vel

183 777 601 839 descenderet
651 776 754 839 vel
809 800 890 839 ex
942 776 1272 859 pressione
1319 777 1589 860 figuram
1644 795 1879 838 novam
1926 776 2233 849 indueret,
2282 775 2475 838 etiam
2530 799 2697 840 nunc

181 877 555 938 ascenderet
584 875 686 938 vel
719 877 1138 938 descenderet
1182 875 1283 937 vel
1332 876 1601 959 figuram
1648 897 1883 938 novam
1922 877 2184 939 induere
2215 891 2587 960 cogeretur:
2635 879 2699 940 id

182 978 345 1038 adeo
377 977 526 1057 quia
553 977 837 1059 gravitas
869 979 1005 1060 ejus
1037 982 1416 1058 caeteraeque
1448 990 1773 1039 motuumc
1797 999 1971 1039 ausae
2002 992 2395 1059 permanent.
2489 979 2695 1062 Atqui

187 1076 326 1161 (per
356 1099 476 1139 cas,
518 1095 549 1156 5
586 1099 762 1159 prop.
811 1077 954 1162 XIX)
983 1079 1119 1162 jam
1153 1079 1509 1160 quiesceret
1556 1077 1617 1139 ἃ
1664 1078 1932 1162 figuram
1966 1079 2282 1141 retineret:
2410 1079 2590 1163 Ergo
2636 1079 2698 1142 ἃ

182 1178 373 1259 priuS.

297 1279 500 1341 Corol.
556 1297 607 1357 5.
665 1279 940 1342 Proinde
971 1302 1199 1362 corpus
1232 1280 1406 1362 quod
1439 1280 1731 1362 specifice
1761 1281 2021 1363 gravius
2053 1294 2152 1343 est
2192 1303 2385 1363 quam
2432 1281 2696 1344 fluidum

177 1380 297 1442 sibi
359 1379 728 1463 contiguum
790 1381 1162 1457 subsidebit,
1228 1382 1290 1443 &
1351 1382 1525 1463 quod
1587 1381 1881 1463 specifice
1942 1380 2146 1443 levius
2207 1395 2307 1444 est
2365 1382 2697 1459 ascendet,

179 1493 552 1562 motumque
586 1481 647 1543 &
685 1481 905 1565 figurae
953 1484 1371 1546 mutationem
1418 1497 1858 1565 consequetur,
1893 1496 2202 1564 quantum
2249 1504 2553 1545 excessus·
2594 1482 2701 1546 ille
2763 1501 2766 1505 ’

178 1581 282 1643 vel
341 1582 627 1644 defectus
681 1583 1014 1666 gravitatis
1068 1585 1317 1646 efficere
1372 1585 1588 1666 possit.
1710 1585 2013 1666 Namque
2074 1606 2373 1646 excessus
2436 1582 2538 1646 ille
2597 1582 2701 1646 vel

179 1683 465 1745 defectus
502 1684 812 1746 rationem
846 1684 1039 1747 habet
1072 1685 1396 1767 impulsus,
1432 1708 1561 1767 quo
1593 1707 1838 1766 corpuS,
1874 1684 2028 1746 alias
2076 1685 2138 1745 in
2172 1683 2525 1766 aequilibrio
2556 1707 2701 1747 cum

179 1783 356 1844 fluidi
389 1784 673 1864 partibus
706 1786 1136 1859 constitutum,
1171 1800 1467 1869 urgetur;
1518 1786 1579 1848 8c
1625 1786 1978 1867 comparari
2015 1799 2230 1867 potest
2260 1808 2404 1848 cum
2436 1808 2701 1849 excessu

177 1883 280 1946 vel
314 1884 565 1947 defectu
598 1886 899 1967 ponderis
932 1887 994 1947 in
1027 1885 1207 1950 lance
1239 1886 1542 1949 alterutra
1573 1886 1766 1949 librae.

299 1985 502 2047 Corol.
557 1990 611 2048 6.
666 1987 1022 2068 Corporum
1101 1990 1293 2072 igitur
1354 1990 1416 2050 in
1479 1988 1689 2050 fluidis
1751 1988 2242 2050 constitutorum
2302 1984 2544 2068 duplex
2604 2001 2703 2050 est

178 2086 503 2169 gravitas:
579 2086 778 2149 altera
848 2111 1001 2150 vera
1078 2089 1139 2151 &
1215 2088 1522 2161 absoluta,
1603 2088 1801 2150 altera
1874 2109 2207 2170 apparenS,
2284 2086 2565 2171 vulgaris
2640 2087 2703 2150 ἃ

122 2256 123 2261 1
176 2187 625 2268 comparativa.
745 2188 1047 2250 Gravitas
1101 2188 1393 2252 absoluta
1445 2203 1544 2251 est
1597 2190 1695 2250 vis
1750 2202 1885 2251 tota
1937 2212 2064 2271 qua
2117 2211 2346 2271 corpus
2400 2189 2702 2252 deorsum

176 2288 422 2350 tendit:
470 2287 735 2350 relativa
781 2289 842 2351 &
888 2289 1170 2373 vulgaris
1218 2304 1315 2351 est
1361 2312 1663 2352 excessus
1707 2290 2043 2372 gravitatis
2075 2312 2204 2372 quo
2236 2312 2466 2372 corpus
2497 2291 2702 2374 magis

178 2388 383 2449 tendit
435 2388 735 2450 deorsum
786 2412 978 2471 quam
1034 2391 1298 2452 fluidum
1352 2392 1656 2455 ambiens,
1779 2392 2012 2454 Prioris
2071 2392 2326 2475 generis
2385 2391 2702 2475 gravitate

178 2503 390 2570 partes
430 2490 768 2552 fluidorum
802 2491 863 2552 ἃ
895 2514 1230 2574 corporum
1263 2493 1549 2555 omnium
1581 2493 1908 2576 gr‘avitant
1941 2493 2002 2555 in
2035 2492 2189 2555 locis
2221 2493 2352 2555 suis
2381 2517 2393 2556 :
2427 2493 2703 2575 ideoque

179 2590 529 2673 conjunctis
562 2591 951 2672 ponderibus
984 2607 1379 2675 componunt
1425 2594 1679 2675 pondus
1726 2594 1935 2656 totiuS.
2064 2594 2238 2655 Nam
2271 2606 2477 2655 totum
2509 2615 2700 2656 omne

175 2712 374 2772 grave
405 2701 519 2763 est',
554 2705 624 2752 ut
657 2692 717 2752 in
750 2693 921 2754 vasis
967 2692 1284 2775 liquorum
1332 2693 1537 2776 plenis
1584 2695 1857 2776 experiri
1890 2694 2037 2757 licet
2063 2720 2075 2768 ;
2125 2694 2187 2756 &
2218 2694 2471 2776 pondus
2503 2693 2698 2756 totius

175 2790 421 2873 aequale
467 2805 565 2854 est
610 2793 999 2873 ponderibus
1062 2796 1345 2857 omnium
1409 2796 1700 2877 partium,
1766 2796 2041 2878 ideoque
2101 2818 2183 2857 ex
2244 2795 2470 2857 iisdem
2525 2818 2694 2858 com-

173 2893 444 2972 ponitur.
570 2892 855 2955 Alterius
900 2897 1154 2977 generis
1198 2897 1516 2978 gravitate
1578 2918 1844 2977 corpora
1890 2919 2016 2960 non
2062 2897 2386 2980 gravitant
2431 2897 2494 2958 in
2539 2895 2697 2959 locis

175 2993 321 3065 suiS‚
401 2994 464 3054 id
539 3007 652 3067 est,
731 2995 896 3056 inter
967 3018 1037 3057 se
1112 2995 1339 3058 collata
1415 3018 1543 3058 non
1620 3011 2043 3079 praegravant‚
2107 2997 2222 3059 sed
2298 3010 2554 3059 mutuos
2598 2997 2695 3058 'ad

173 3093 694 3156 descendendum
726 3109 989 3162 conatus
1016 3097 1427 3178 impedientia
1458 3111 1836 3178 permanent
1867 3098 1929 3158 in
1962 3096 2115 3159 locis
2148 3097 2293 3170 suiS‚
2328 3096 2594 3178 perinde
2623 3119 2698 3159 ac

173 3194 227 3255 si
257 3195 481 3277 gravia
512 3217 639 3258 non
671 3209 900 3258 essent.
1027 3196 1194 3275 Quae
1242 3198 1304 3258 in
1350 3207 1498 3259 aere
1543 3210 1692 3258 sunt
1738 3197 1800 3259 &
1847 3219 1973 3259 non
2006 3210 2429 3281 praegravant,
2462 3194 2697 3280 vulgus

173 3296 397 3379 gravia
428 3317 555 3358 non
579 3296 839 3378 judicat.
937 3296 1103 3376 Quae
1137 3311 1545 3380 praegravant
1575 3296 1807 3380 vulgus
1838 3298 2061 3380 gravia
2082 3298 2344 3380 judicat,
2379 3310 2696 3379 quatenus

174 3395 256 3457 ab
304 3396 468 3457 aeris
517 3396 801 3477 pondere
856 3419 982 3460 non
1031 3398 1438 3460 sustinentur.
1569 3398 1863 3460 Pondera
1906 3397 2081 3482 vulgi
2130 3397 2284 3460 nihil
2329 3396 2501 3460 aliud
2547 3410 2697 3459 sunt

175 3520 369 3579 quarn
419 3519 718 3560 excessus
768 3520 1065 3561 verorum
1115 3499 1472 3580 ponderum
1523 3521 1714 3580 supra
1767 3499 2019 3580 pondus
2067 3500 2248 3562 aeriS.
2378 3499 2577 3561 Unde
2631 3498 2694 3560 &

173 3595 370 3680 vulgo
423 3596 718 3659 dicuntur
765 3595 946 3671 levia,
995 3620 1140 3680 quae
1194 3612 1344 3660 sunt
1396 3599 1604 3659 minus
1656 3601 1898 3681 gravia,
1953 3601 2213 3683 ae'rique
2266 3599 2693 3683 praegravanti

175 3696 466 3759 cedendo
510 3697 839 3778 superiora
884 3711 1126 3780 petunt.
1252 3699 1708 3780 Comparative
1752 3698 1920 3762 levia
1965 3714 2129 3774 sunt,
2164 3722 2292 3763 non
2336 3722 2508 3774 vere,
2543 3700 2695 3782 quia

173 3796 574 3859 descendunt
605 3797 667 3858 in
700 3820 918 3862 vacuo.
1041 3799 1150 3860 Sic
1197 3799 1259 3861 &
1291 3799 1353 3861 in
1385 3822 1553 3881 aqua
1597 3822 1878 3882 corpora,
1913 3823 2059 3883 quae
2105 3802 2190 3864 ob
2235 3801 2542 3884 majorem
2587 3797 2692 3862 vel

175 3897 484 3961 minorem
529 3898 912 3981 gravitatem
959 3899 1358 3962 descendunt
1403 3899 1504 3962 vel
1551 3901 1919 3975 ascendunt,
1955 3916 2105 3965 sunt
2149 3901 2583 3984 comparative
2629 3899 2692 3962 &
