2846 4250
20 59 23 62 ⁴
100 87 134 150 5
142 73 223 151 38
1142 65 1410 116 INDEX
1442 64 1609 116 ΚΕΗ
1621 65 1747 117 ΠΜ

94 235 302 288 Viribus
343 233 636 302 centripetis
676 234 730 285 in
768 231 1029 300 duplicata
1056 231 1254 285 ratione
1291 232 1391 284 dis·
1626 233 1858 299 inquum,
1883 249 2071 300 corpus
2101 232 2392 287 movebitur
2424 233 2478 285 in
2505 226 2787 303 hyperhola

229 305 498 356 tantiamm
517 302 946 370 decrescentibuS‚
963 318 1199 367 quaenam
1215 303 1388 368 figurae
1627 319 1742 365 221,
1768 304 2080 369 antepenult.

231 372 449 424 describi
506 381 734 439 possunt,
796 371 1082 423 ostenditur
1147 384 1227 436 59,
1281 388 1343 436 23
1378 390 1389 423 :
1486 372 1687 423 Umbra
1721 342 1967 423 t’errestris
2002 370 2056 422 in
2093 370 2368 437 eclipsibus
2391 372 2527 424 lunae
2551 373 2788 440 augenda

234 444 294 492 16
298 459 343 506 3
379 459 454 492 10.
1623 450 1701 492 est
1757 449 1967 506 propter
2025 441 2379 507 atmosphaerae
2433 441 2787 495 refractionem

89 509 158 560 Vi
181 509 475 575 centripeta‚
1624 511 1741 574 463,
1771 524 1816 575 5,
1844 526 1877 560 a
1898 511 2015 560 fine.

159 595 274 644 quae
299 578 363 629 sit
385 577 643 643 reciproce
666 587 723 629 ut
747 579 906 628 cubus
937 575 1209 655 ordinatim
1233 576 1391 655 appli-
1485 579 1754 630 Undarum
1781 578 1833 628 in
1858 595 2008 644 aquae
2026 577 2306 644 stagnantis
2325 578 2590 645 superficie
2606 596 2788 647 propa·

227 656 355 698 catae
381 647 635 698 tendentis
661 648 728 697 ad
753 656 982 697 centrum
1018 645 1197 696 virium
1234 645 1390 696 maxi·
1623 657 1851 714 gatarnm
1877 647 2122 699 velocitas
2147 647 2400 700 invenitur
2425 651 2499 710 ΙΙ,
2525 650 2607 711 46.

227 733 311 766 me
365 715 716 781 longinquum,
767 732 951 781 corpus
998 715 1287 766 movebitur
1333 714 1386 765 in
1483 716 1750 768 Vorticum
1795 726 1976 768 natura
2022 719 2071 768 &
2119 717 2418 769 constitutio
2459 718 2527 768 ad
2569 734 2785 769 examen

227 786 347 834 data
371 784 548 849 quavis
573 785 691 835 coni
716 784 942 835 sectione
970 799 1051 849 51,
1074 786 1120 835 6.
1623 786 1888 837 revocatur
1913 788 1986 848 ΙΙ,
2015 795 2135 837 sect.
2165 804 2195 852 9
2221 807 2230 837 :
2255 789 2374 849 481,
2404 804 2463 836 21
2493 807 2503 838 :
2531 787 2645 851 326,
2673 804 2755 851 32.

157 870 272 920 quae
309 853 373 903 sit
407 862 463 904 ut
496 855 656 904 cubus
689 853 961 904 ordinatim
986 852 1256 919 applicatae
1282 863 1389 905 ten·
1497 856 1574 907 Ut.
1650 857 1824 921 Hujus
1858 857 2056 906 voculae
2093 855 2394 922 significatio
2425 855 2787 908 mathematica

224 922 391 974 dentis
427 923 495 973 ad
531 931 759 974 centrum
795 922 975 974 virium
1002 922 1223 975 maxime
1246 924 1388 991 long·
1622 925 1862 978 definitur
1885 942 1969 991 34,
2002 942 2077 990 19.

980 3827 1196 3859 PRINTED
1227 3828 1286 3859 BY
1321 3830 1512 3862 ROBERT
1542 3832 1845 3867 MACLEHOSE.
