2852 4250
155 123 266 164 122
973 106 1089 155 DE
1122 104 1360 155 MOTU
1386 61 1821 155 CORPORisM
2791 148 2799 181 ,ᾇ

251 252 470 334 corel.
525 291 576 335 2.
631 270 829 333 Unde
880 271 933 332 si
987 293 1215 354 corpus
1268 270 1599 355 quodlibet
1643 271 1726 333 de
1770 267 1911 332 loco
1956 290 2338 352 quocunque
2381 273 2456 334 D
2505 274 2658 340 data

145 395 288 435 cum
333 370 670 434 velocitate
715 370 817 434 vel
864 394 1114 433 sursum
1160 371 1263 434 vel
1310 372 1609 435 deorsum
1655 369 2034 453 projiciatur,
2070 368 2132 430 &
2176 369 2366 432 detur
2407 370 2511 436 lex
2556 377 2655 439 vis
2807 379 2852 434 i

145 474 528 555 centripetae‚
577 472 936 534 invenietur
979 470 1283 535 velocitas
1330 474 1469 555 ejus
1518 472 1579 533 in
1626 469 1750 532 alio
1797 468 2026 550 quovis
2072 467 2212 532 loco
2256 493 2299 544 e,
2347 473 2655 557 erigendo
2851 472 2852 479 ¹

144 575 500 637 ordinatam
552 561 659 654 bg,
710 571 771 633 &
817 572 1127 652 capiendo
1172 570 1577 634 velocitatem
1625 569 1793 631 illam
1839 569 1922 630 ad
1969 567 2374 633 velocitatem
2421 573 2484 635 in
2516 573 2656 641 loco

140 676 213 736 D
257 687 327 736 ut
357 686 456 736 est
486 686 670 745 recta,
705 694 849 753 quae
895 684 1108 752 potest
1153 684 1393 733 rectan-
1462 735 1509 770 A
1873 719 1910 760 Β

137 773 357 858 gulum
425 775 491 835 P
522 773 580 848 Q
611 773 774 832 RD
845 793 992 832 area
1051 769 1395 832 curvilinea
1562 775 1566 779 ’
1796 795 1802 798 ’

136 876 391 956 DFge
431 872 533 935 vel
586 884 857 943 auctum,
906 871 958 931 si
1005 869 1178 932 locus
1224 894 1255 932 e
1296 885 1395 933 est

136 973 273 1036 loco
317 974 390 1034 D
434 972 703 1047 inferior,
743 969 846 1032 vel
893 970 1289 1044 diminutum,
1338 970 1390 1031 si

136 1074 188 1135 is
233 1072 517 1153 superior
561 1084 672 1143 est,
707 1070 788 1131 ad
831 1083 1066 1131 rectam
1100 1092 1244 1151 quae
1276 1092 1387 1151 po-

134 1185 258 1234 test
288 1169 720 1254 rectangulum
752 1169 956 1232 solum
987 1171 1052 1231 Ρ
1078 1171 1135 1246 Q
1160 1171 1227 1231 R
1253 1171 1339 1232 D.

251 1272 451 1333 Corol.
492 1292 544 1350 3.
607 1272 894 1352 Tempus
927 1293 1182 1352 quoque
1208 1271 1383 1332 inno-

131 1386 330 1435 tescet
359 1372 662 1455 erigendo
693 1371 1047 1434 ordinatam
1078 1394 1109 1432 e
1129 1394 1191 1431 m
1233 1371 1384 1433 reci-
1463 1395 1503 1435 D

131 1494 321 1555 proce
344 1470 878 1554 proportionalem
904 1470 1081 1533 lateri
1115 1471 1382 1553 quadra-
1463 1451 1498 1493 F:

130 1587 197 1636 to
249 1595 329 1635 ex
388 1574 452 1633 Ρ
474 1573 529 1649 Q
554 1570 1257 1654 RD÷vel—DFge,
1324 1572 1385 1633 ἃ

129 1674 437 1755 capiendo
490 1686 740 1754 tempus
801 1695 928 1755 quo
988 1695 1216 1754 corpus
1277 1673 1383 1735 de-

126 1774 375 1855 scripsit
404 1772 633 1835 lineam
664 1775 788 1835 De
828 1775 909 1835 ad
957 1787 1208 1855 tempus
1256 1796 1384 1855 quo
1458 1816 1490 1851 e

127 1896 353 1955 corpus
398 1873 663 1935 alterum
710 1875 774 1935 vi
820 1874 1114 1936 uniformi
1158 1874 1383 1935 cecidit

125 1996 164 2035 a
192 1976 257 2035 Ρ
302 1974 363 2035 ἃ
408 1974 694 2036 cadendo
740 1975 1032 2056 pervenit
1077 1975 1158 2035 ἃᾶ
1190 1976 1276 2048 D,
1312 1989 1381 2036 ut

123 2096 270 2136 area
315 2073 657 2136 curvilinea
686 2076 835 2136 DL
865 2098 928 2136 m
950 2098 981 2136 e
1021 2075 1102 2136 ἃᾶ
1136 2089 1376 2136 rectan-

120 2173 338 2256 gulum
417 2196 447 2235 2
483 2176 637 2235 PD
681 2195 721 2236 ><
761 2176 930 2236 DL.
1076 2175 1378 2257 Namque

121 2287 370 2355 tempus
402 2296 529 2356 quo
560 2297 786 2356 corpus
811 2277 874 2337 vi
906 2275 1199 2338 uniformi
1228 2277 1373 2338 ’des-

1463 963 1504 1006 P

120 2374 394 2435 cendens
426 2375 759 2457 descripsit
803 2375 1034 2437 lineam
1079 2377 1233 2437 PD
1278 2391 1375 2438 est

118 2473 198 2534 ad
225 2487 473 2555 tempus
502 2498 628 2557 quo
649 2499 874 2558 corpus
901 2477 1069 2538 idem
1095 2477 1371 2559 descrip-

116 2574 197 2635 sit
269 2573 499 2637 lineam
572 2578 723 2638 PE
796 2579 857 2638 in
933 2577 1375 2659 subduplicata

118 2676 359 2737 ratione
388 2677 541 2736 PD
582 2678 662 2738 ad
693 2679 857 2751 PE,
893 2679 955 2739 id
989 2692 1087 2740 est
1123 2678 1375 2761 (lineola
1436 2658 1485 2699 Ο

117 2776 558 2859 DEjamjam
592 2778 914 2862 nascente)
951 2780 1013 2840 in
1047 2781 1289 2842 ratione
1318 2782 1383 2842 P
1406 2782 1478 2842 D
1509 2781 1590 2842 ἃᾶ
1622 2782 1903 2851 ΡΒ-ῡ-τῖν
1934 2783 2100 2845 DE
2126 2805 2240 2845 seu
2278 2804 2308 2844 2
2346 2783 2501 2845 PD
2544 2782 2628 2845 ad

122 2895 152 2934 2
209 2876 619 2950 PD÷DE,
673 2878 734 2939 δε
794 2879 1065 2953 divisim,
1121 2881 1203 2941 ad
1266 2895 1518 2963 tempus
1581 2905 1710 2965 quo
1771 2907 2001 2967 corpus
2066 2885 2236 2947 idem
2297 2884 2632 2966 descripsit

121 2973 417 3037 lineolam
448 2978 610 3038 DE
653 2992 722 3039 ut
756 3001 787 3039 2
836 2981 995 3041 PD
1039 2983 1120 3043 ad
1166 2985 1338 3057 DE,
1375 2985 1648 3067 ideoque
1694 3000 1764 3048 ut
1811 2985 2252 3071 rectangulum
2303 3008 2334 3047 2
2385 2988 2608 3048 PD><

115 3076 267 3136 DL
334 3076 416 3137 ad
477 3099 688 3139 aream
747 3080 897 3141 DL
924 3083 1099 3143 ME
1118 3111 1143 3157 ‚·
1209 3098 1434 3167 estque
1495 3100 1747 3168 tempus
1810 3111 1949 3170 quo·
2000 3111 2230 3171 corpus
2291 3101 2632 3170 utrumque

115 3175 449 3256 descripsit
502 3175 795 3240 lineolam
840 3181 999 3243 DE
1049 3185 1130 3245 ad
1178 3199 1429 3267 tempus
1477 3210 1605 3269 quo
1659 3211 1888 3271 corpus
1942 3189 2212 3253 alterum
2266 3188 2630 3272 inaequabili

115 3290 290 3338 motu
337 3277 670 3359 descripsit
713 3279 944 3343 lineam
990 3285 1120 3357 De,
1155 3299 1226 3346 ut
1262 3308 1409 3348 area
1448 3288 1599 3349 DL
1622 3290 1802 3352 ME
1841 3292 1923 3353 ad
1970 3314 2184 3354 aream
2231 3292 2382 3353 DL
2406 3313 2531 3365 me,
2567 3291 2629 3354 &

115 3399 196 3439 ex
227 3400 413 3460 aequo
444 3392 695 3461 tempus
726 3382 999 3462 primum
1031 3385 1112 3445 ad
1146 3399 1396 3467 tempus
1429 3386 1720 3451 ultimum
1754 3406 1824 3454 ut
1855 3392 2293 3477 rectangulum
2330 3414 2361 3454 2
2396 3394 2541 3454 PD
2563 3413 2605 3454 ><

112 3477 263 3539 DL
298 3478 380 3539 ad
412 3501 624 3541 aream
654 3481 808 3542 DL
833 3505 958 3547 me.

2841 2003 2848 2042 ζ

2841 2059 2847 2095 ἔ

2843 2127 2849 2166 ³„

2839 2232 2849 2265 2

2828 2299 2849 2481 1

2828 2497 2849 2631 ἐ

2830 2651 2849 2748 3

2831 2754 2845 2774 'A
