2852 4250
182 121 297 181 168
1003 115 1119 165 DE
1154 114 1384 165 MOTU
1422 110 1865 164 CORPORUM

173 286 415 370 reliqua
457 309 575 368 pro
622 285 865 349 ratione
914 282 1371 344 distantiarum.
1467 279 1675 340 Sunto
1725 290 1962 339 mutuae
2017 276 2302 339 omnium
2355 277 2673 343 attractio-
2742 271 2748 278 ’

172 410 287 451 nes
318 386 783 450 acceleratrices
815 384 896 445 ad
930 383 1201 445 invicem
1246 393 1318 442 ut
1361 379 1678 441 distantiae
1710 377 1919 439 ductae
1952 377 2013 438 in
2046 399 2312 460 corpora
2342 379 2672 455 trahentia,

179 489 242 551 ἃ
273 511 353 550 ex
386 485 892 570 praecedentibus
923 481 1104 544 facile
1135 481 1486 542 deducetur
1537 478 1710 559 quod
1753 500 2019 559 corpora
2066 479 2280 541 omnia
2325 480 2677 562 aequalibus

174 575 563 671 temporibus
588 585 921 668 periodicis
951 581 1203 664 ellipses
1234 581 1460 652 variaS,
1487 579 1649 640 circa
1678 578 1963 640 omnium
1988 600 2325 642 commune
2346 581 2713 667 gravitatis-

175 703 459 752 centrum
490 689 569 759 B,
606 687 667 747 in
699 683 889 768 plano
923 680 1226 744 immobili
1258 679 1638 742 describunt.
1736 678 1811 755 Q.
1831 679 1914 741 E.
1935 680 1993 742 J.

423 993 1063 1057 PROPOSITIO
1145 991 1379 1053 LXV.
1505 989 2106 1052 THEOREMA
2191 993 2440 1057 XXV.

177 1169 457 1251 Corpora
494 1170 720 1250 plura,
768 1188 1039 1249 quorum
1087 1166 1249 1227 vires
1276 1164 1626 1226 decrescunt
1669 1164 1738 1225 in
1777 1164 2100 1246 duplicata
2150 1168 2396 1230 ratione
2437 1169 2677 1232 distan-

257 1285 499 1346 tiarum
530 1284 605 1345 ab
634 1282 963 1345 eorundem
1006 1281 1247 1353 centris,
1295 1280 1533 1341 moveri
1555 1288 1737 1361 posse
1777 1281 1948 1342 inter
1971 1303 2033 1343 se
2074 1282 2144 1342 in
2192 1282 2505 1364 ellipsibus
2524 1309 2550 1356 ,·
2597 1285 2682 1350 ὣ*

258 1399 460 1461 radiis
487 1399 578 1460 ad
601 1398 917 1459 umbilicos
945 1396 1147 1458 ductis
1174 1417 1357 1457 areas
1402 1395 1734 1457 describere
1775 1395 2148 1477 temporibus
2177 1398 2684 1479 proportionales
2768 1480 2772 1482 Α

254 1537 443 1597 quam
457 1514 763 1597 proxime.

298 1687 371 1749 In
404 1686 837 1770 propositione
869 1686 1193 1767 superiore
1225 1685 1699 1747 demonstratus
1730 1696 1830 1746 est
1870 1707 2053 1747 casus
2090 1686 2198 1748 ubi
2230 1700 2442 1750 motus
2472 1686 2685 1770 plures

170 1803 560 1872 peraguntur
612 1789 674 1849 in
724 1787 1049 1869 ellipsibus
1098 1800 1403 1849 accurate.
1519 1786 1670 1866 Quo
1723 1787 1928 1870 magis
1978 1788 2218 1850 recedit
2246 1787 2351 1851 lex
2381 1789 2611 1851 virium
2642 1813 2683 1852 a

168 1889 311 1973 lege
344 1890 427 1951 ibi
460 1890 686 1972 posita,
721 1911 798 1951 eo
831 1890 1034 1971 magis
1067 1911 1332 1969 corpora
1374 1889 1839 1970 perturbabunt
1880 1902 2134 1951 mutuos
2166 1903 2377 1952 motus
2406 1913 2422 1964 3
2470 1913 2679 1973 neque

169 1989 301 2051 fieri
362 2003 589 2071 potest,
652 2003 723 2051 ut
792 2012 1071 2070 corpora,
1135 1990 1487 2051 secundum
1559 1988 1769 2073 legem
1831 1989 1932 2051 hic
1992 1991 2266 2071 positam
2326 2013 2397 2053 se
2457 2005 2681 2054 mutuo

167 2090 495 2163 trahentia,
560 2105 940 2153 moveantur
1000 2092 1061 2152 in
1124 2090 1450 2172 ellipsibus
1512 2103 1819 2163 accurate,
1883 2091 2002 2152 nisi
2063 2092 2382 2155 servando
2442 2105 2679 2154 certam

166 2192 640 2273 proportionem
674 2192 1115 2253 distantiarum
1140 2193 1222 2253 ab
1248 2193 1537 2254 invicem.
1639 2193 1713 2253 In
1746 2192 2160 2273 sequentibus
2185 2206 2399 2255 autem
2431 2194 2681 2256 casibus

165 2312 290 2353 non
324 2282 590 2353 multum
622 2293 704 2355 ab
735 2292 1060 2374 ellipsibus
1092 2294 1416 2355 errabitur.

287 2393 422 2454 Cas,
471 2415 516 2455 1.
595 2394 770 2456 Pone
824 2416 1090 2476 corpora
1142 2392 1323 2475 plura
1377 2394 1623 2457 minora
1675 2394 1838 2455 circa
1892 2394 2240 2457 maximum
2290 2393 2547 2477 aliquod
2596 2395 2680 2457 ad

165 2493 372 2554 varias
404 2494 485 2554 ab
516 2516 594 2556 eo
630 2494 963 2555 distantias
1010 2494 1272 2568 revolvi,
1307 2496 1703 2577 tendantque
1749 2495 1830 2556 ad
1864 2495 2114 2580 singula
2158 2497 2326 2559 vires
2371 2495 2682 2560 absolutae

165 2593 668 2674 proportionales
724 2596 948 2657 iisdem
1004 2597 1388 2678 corporibus,
1511 2597 1601 2659 Et
1653 2598 1956 2680 quoniam
2005 2599 2290 2660 omnium
2344 2620 2682 2662 commune

163 2695 494 2775 gravitatis
570 2708 855 2756 centrum
936 2695 1076 2778 (per
1134 2696 1350 2780 legum
1412 2697 1598 2760 corol.
1666 2699 1989 2783 quartum)
2053 2698 2156 2762 vel
2234 2701 2503 2782 quiescit
2574 2699 2679 2763 vel

165 2808 459 2857 movetur
489 2796 884 2858 uniformiter
915 2798 977 2859 in
1009 2798 1335 2872 directum,
1371 2800 1689 2883 fingamus
1729 2823 1995 2882 corpora
2040 2801 2286 2864 minora
2317 2815 2448 2863 tam
2479 2824 2682 2884 parva

165 2917 322 2968 esse,
357 2910 427 2957 ut
471 2919 698 2978 corpus
747 2899 1093 2959 maximum
1142 2922 1467 2982 nunquam
1514 2903 1710 2964 distet
1743 2901 2125 2964 sensibiliter
2154 2903 2236 2964 ab
2269 2903 2388 2966 hoc
2420 2917 2639 2967 centro
2667 2927 2679 2966 :

165 2997 227 3058 ἃ
274 2997 619 3058 maximum
675 2998 825 3061 illud
873 2997 975 3061 vel
1024 3000 1323 3080 quiescet,
1368 3001 1471 3064 vel
1527 3004 1889 3065 movebitur
1933 3003 2330 3067 uniformiter
2370 3005 2432 3066 in
2479 3005 2678 3068 direc-

165 3111 315 3170 tum,
379 3098 515 3160 sine
576 3121 786 3161 errore
846 3099 1165 3174 sensibili;
1243 3102 1488 3164 minora
1547 3116 1763 3165 autem
1839 3104 2251 3168 revolventur
2323 3107 2487 3169 circa
2560 3107 2681 3170 hoc

165 3199 512 3260 maximum
561 3199 622 3260 in
669 3199 1011 3281 ellipsibus,
1060 3214 1253 3282 atque
1301 3203 1492 3264 radiis
1524 3205 1606 3265 ad
1654 3204 1826 3266 idem
1857 3205 2066 3268 ductis
2104 3207 2468 3269 describent
2498 3229 2679 3269 areas

163 3300 554 3380 temporibus
614 3300 1153 3382 proportionales;
1232 3304 1350 3364 nisi
1413 3318 1728 3385 quatenus
1804 3329 2049 3369 errores
2111 3307 2512 3381 inducuntur,
2575 3305 2678 3369 vel

160 3421 276 3480 per
319 3421 596 3462 errorem
650 3401 907 3462 maximi
969 3424 1008 3463 a
1053 3404 1370 3464 communi
1426 3403 1531 3466 illo
1590 3406 1924 3488 gravitatis
1979 3421 2212 3480 centro,
2268 3405 2372 3470 vel
2418 3430 2534 3489 per
2577 3429 2677 3469 ac-

164 3501 369 3562 tiones
432 3500 745 3562 minorum
808 3524 1142 3582 corporum
1199 3503 1260 3563 in
1308 3526 1378 3565 se
1425 3518 1663 3568 mutu0.
1794 3508 2082 3569 Diminui
2143 3521 2359 3571 autem
2411 3521 2683 3590 possunt

160 3623 424 3682 corpora
456 3602 714 3674 minora,
750 3625 952 3683 usque
999 3603 1203 3665 donec
1235 3626 1409 3666 error
1440 3606 1574 3679 iste,
1628 3606 1689 3667 ἃ,
1735 3608 2016 3670 actiones
2063 3622 2301 3672 mutuae
2333 3610 2461 3671 sint
2512 3609 2679 3671 datis

161 3701 491 3783 quibusvis
525 3702 836 3777 minores;
885 3716 1080 3785 atque
1123 3703 1269 3765 ideo
1322 3704 1527 3766 donec
1559 3707 1746 3768 orbes
1794 3730 1937 3769 cum
1981 3708 2310 3792 ellipsibus
2343 3711 2676 3793 quadrent,

159 3802 221 3863 ἃ
279 3824 446 3863 areae
508 3803 938 3884 respondeant
1000 3805 1411 3885 temporibuS,
1475 3807 1612 3868 sine
1674 3829 1904 3883 errore,
1962 3811 2070 3893 qui
2135 3833 2265 3875 non
2328 3813 2412 3875 sit
2470 3812 2679 3875 minor

154 3905 383 3986 quovis
414 3903 581 3967 dato.
680 3905 754 3980 Q.
781 3905 862 3967 E.
895 3906 966 3967 O.
999 3912 1007 3919 ‘
1068 3962 1073 3966 .
