2846 4250
163 140 280 201 512
325 162 331 166 -
948 110 1063 160 DE
1097 107 1382 158 MUNDJ
1410 102 1765 155 SYSTEMA
1777 103 1874 151 TE

155 289 259 352 vel
311 299 482 350 recta
532 295 766 365 petere,
822 280 874 341 si
922 298 1151 359 corpus
1198 275 1450 336 fumans
1496 270 1798 354 quiescit;
1846 267 1948 332 vel
2003 267 2276 351 oblique,
2331 269 2385 332 si
2433 291 2662 352 corpus

157 385 626 473 progrediendo
656 382 794 446 loca
823 401 1079 461 semper
1125 376 1362 439 deserit
1393 397 1431 436 a
1461 373 1691 455 quibus
1739 370 2097 452 superiores
2146 370 2401 451 vaporis
2451 384 2663 452 partes

156 487 588 552 ascenderant.
703 483 793 544 Et
851 478 1191 561 obliquitas
1252 477 1373 538 ista
1433 475 1641 535 minor
1698 472 1818 535 erit
1876 471 1983 533 ubi
2044 492 2345 533 ascensus
2406 472 2662 554 vaporis

155 587 434 652 velocior
473 599 609 648 est:
658 582 953 644 nimirum
1001 580 1064 641 in
1110 577 1341 640 vicinia
1384 573 1534 637 solis
1583 573 1644 635 ἃ
1681 574 1867 656 juxta
1915 593 2143 653 corpus
2190 570 2459 634 fumans,
2558 572 2665 634 Ex

154 688 544 771 obliquitatis
575 697 788 746 autem
830 679 1199 743 diversitate
1246 676 1676 738 incurvabitur
1722 674 1978 755 vaporis
2024 670 2359 735 columna:
2408 671 2470 734 &
2515 672 2666 754 quia

154 810 358 871 vapor
387 789 450 849 in
482 784 793 848 columnae
841 780 1038 842 latere
1087 778 1489 860 praecedente
1538 774 1728 857 paulo
1774 773 2087 836 recentior
2135 785 2249 845 est,
2285 771 2430 834 ideo
2472 772 2664 834 etiam

154 891 207 952 is
261 888 496 951 ibidem
556 883 881 965 aliquanto
940 879 1198 941 densior
1255 879 1389 950 erit,
1444 876 1778 958 lucemque
1824 886 2162 956 propterea
2205 873 2523 954 copiosius
2570 895 2681 935 re-.

52 984 54 986 ’
155 991 382 1064 flectet,
461 987 522 1048 ἃ
595 983 794 1045 limite
868 981 1077 1042 minus
1146 977 1511 1039 indistincto
1571 975 2026 1044 terminabitur.
2155 975 2259 1036 De
2320 974 2664 1036 caudarum

154 1086 602 1174 agitationibus
634 1081 982 1144 subitaneis
1016 1080 1078 1142 &
1110 1079 1381 1153 incertiS,
1419 1078 1631 1159 deque
1673 1098 1892 1138 earum
1933 1075 2151 1159 figuris
2199 1074 2662 1158 irregularibus

154 1213 312 1274 quas
345 1184 626 1250 nonnulli
659 1182 1045 1265 quandoque
1076 1179 1457 1251 describunt,
1491 1178 1594 1238 hic
1626 1174 1778 1237 nihil
1810 1175 2075 1258 adjicio;
2123 1188 2461 1256 propterea
2491 1176 2665 1257 quod

156 1290 258 1355 vel
290 1313 328 1352 a
359 1285 813 1351 mutationibus
859 1281 1023 1344 aeris
1070 1280 1267 1343 nostri
1302 1279 1363 1341 &
1399 1278 1677 1341 motibus
1725 1276 1989 1337 nubium
2039 1275 2274 1336 caudas
2323 1274 2537 1358 aliqua
2584 1298 2666 1339 ex

155 1408 334 1479 parte
382 1387 854 1454 obscurantium
903 1385 1217 1457 oriantur;
1265 1379 1367 1443 vel
1428 1366 1592 1442 forte
1639 1401 1678 1440 a
1729 1378 2015 1459 partibus
2064 1377 2187 1439 viae
2235 1375 2471 1453 lacteae,
2520 1394 2667 1462 quae

154 1517 297 1558 curn
330 1492 545 1555 caudis
578 1486 1107 1571 praetereuntibus
1140 1483 1441 1547 confundi
1473 1480 1735 1564 possint,
1762 1501 1836 1540 ac
1867 1492 2171 1560 tanquam
2203 1500 2421 1542 earum
2451 1494 2667 1563 partes

156 1594 442 1679 spectari.
1540 1652 1549 1661 ι

273 1696 565 1777 Vapores
596 1703 826 1762 autern,
861 1689 967 1771 qui
1015 1687 1235 1769 spatiis
1282 1699 1412 1747 tam
1464 1681 1790 1745 immensis
1838 1679 2175 1763 implendis
2221 1681 2555 1760 sufficiant,
2585 1705 2667 1745 ex

157 1810 545 1860 cometarum
619 1789 1061 1871 atmosphaeris
1122 1787 1268 1849 oriri
1330 1807 1535 1867 posse,
1600 1781 1988 1866 intelligetur
2046 1803 2126 1843 ex
2189 1782 2444 1844 raritate
2503 1784 2668 1846 aeris

158 1899 369 1961 nostri.
466 1895 638 1956 Nam
670 1902 779 1954 ae‘r
800 1892 986 1974 juxta
1017 1887 1416 1970 superficiem
1450 1900 1634 1948 terrae
1681 1883 1960 1966 spatium
1998 1896 2268 1965 occupat
2312 1884 2493 1966 quasi
2542 1887 2670 1965 850

155 1999 438 2082 partibus
472 1997 673 2078 majus
706 2014 896 2076 quam
943 2012 1110 2072 aqua
1156 1988 1444 2072 ejusdem
1492 1986 1810 2068 ponderiS,
1846 1986 2121 2067 ideoque
2165 1985 2330 2047 aeris
2376 1983 2670 2048 columna

157 2098 497 2182 cylindrica
528 2095 725 2177 pedes
774 2096 900 2172 850
945 2090 1073 2152 alta
1120 2090 1409 2173 ejusdem
1456 2101 1555 2150 est
1598 2087 1900 2170 ponderis
1950 2109 2094 2148 cum
2144 2109 2329 2169 aquae
2375 2085 2671 2151 columna

157 2199 365 2284 pedali
418 2196 767 2260 latitudinis
828 2193 1132 2276 ejusdem.
1252 2190 1569 2253 Columna
1620 2203 1834 2252 autem
1888 2190 2052 2251 aeris
2101 2189 2183 2250 ad
2236 2189 2670 2252 summitatem

157 2300 599 2382 atmosphaerae
631 2317 972 2378 assurgens
1005 2306 1220 2375 aequat
1250 2292 1535 2374 pondere
1566 2313 1684 2353 suo
1716 2289 2075 2353 columnam
2121 2312 2307 2372 aquae
2338 2291 2538 2373 pedes
2588 2312 2667 2371 33

158 2402 349 2465 altam
403 2401 682 2473 circiter;
739 2397 801 2459 &
854 2411 1193 2478 propterea
1245 2395 1298 2456 si
1348 2392 1661 2456 columnae
1716 2392 1910 2455 totius
1960 2403 2165 2454 ae'reae
2215 2414 2362 2474 pars
2413 2393 2672 2457 inferior

158 2503 395 2585 pedum
444 2504 569 2580 850
614 2498 962 2561 altitudinis
1008 2496 1316 2567 dematur,
1365 2516 1512 2576 pars
1558 2492 1802 2575 reliqua
1850 2494 2140 2575 superior
2187 2494 2468 2576 aequabit
2512 2518 2669 2577 pon-

159 2605 310 2666 dere
341 2625 457 2664 suo
488 2599 847 2663 columnam
898 2621 1082 2680 aquae
1131 2596 1325 2659 altam
1376 2597 1576 2678 pedes
1630 2616 1728 2674 32.
1829 2595 1991 2657 Inde
2022 2617 2178 2658 vero
2214 2595 2354 2678 (per
2384 2597 2670 2680 regulam

158 2703 369 2767 multis
418 2701 868 2788 experimentis
917 2699 1371 2770 confirmatam,
1421 2697 1594 2779 quod
1644 2696 2034 2778 compressio
2066 2697 2228 2758 aeris
2276 2696 2359 2759 sit
2398 2710 2469 2759 ut
2515 2678 2684 2780 pon-¹

158 2806 278 2866 dus
339 2803 784 2885 atmosphaerae
860 2801 1299 2873 incumbentiS,
1364 2799 1669 2881 quodque
1727 2798 2012 2881 gravitas
2072 2798 2155 2861 sit
2215 2798 2534 2880 reciproce
2601 2812 2673 2862 ut

159 2906 537 2988 quadratum
598 2903 916 2965 distantiae
976 2901 1258 2964 locorum
1318 2924 1358 2962 a
1416 2913 1635 2963 centro
1687 2898 1898 2983 terrae)
1963 2900 2504 2981 computationem
2556 2923 2674 2982 per

159 3006 343 3069 corol.
398 3027 572 3087 prop.
624 3023 767 3064 XXII
816 3002 929 3064 lib.'
971 3023 1018 3063 11
1066 3001 1365 3077 ineundo,
1415 3001 1631 3063 inveni
1679 3000 1855 3082 quod
1901 3010 2025 3073 aer,
2072 3000 2127 3061 si
2188 3001 2571 3063 ascendatur
2629 3024 2670 3064 a

161 3106 491 3188 superficie
544 3118 727 3168 terrae
781 3106 863 3168 ad
911 3105 1312 3167 altitudinem
1360 3102 1816 3166 semidiametri
1862 3102 2049 3163 unius
2098 3103 2430 3177 terrestriS,
2476 3104 2674 3166 rarior

161 3208 244 3269 sit
274 3229 465 3289 quam
497 3208 668 3287 apud
700 3228 817 3268 nos
865 3207 927 3267 in
961 3206 1203 3267 ratione
1251 3203 1443 3287 longe
1492 3202 1731 3286 majori,
1767 3224 1960 3284 quam
2009 3202 2197 3283 spatii
2250 3204 2457 3266 omnis
2512 3204 2674 3266 infra

160 3310 380 3371 orbem
412 3308 650 3369 saturni
682 3308 763 3368 ad
808 3306 1071 3389 globum
1103 3306 1415 3367 diametro
1447 3305 1629 3388 digiti
1662 3305 1848 3365 unius
1880 3304 2285 3385 descriptum.
2386 3303 2672 3386 Ideoque

159 3408 387 3491 globus
420 3408 582 3470 aeris
615 3408 811 3469 nostri
858 3407 1128 3489 digitum
1174 3427 1371 3466 unum
1417 3404 1598 3479 latus,
1633 3427 1711 3467 ea
1755 3427 1899 3466 cum
1945 3405 2201 3467 raritate
2243 3426 2435 3486 quam
2482 3405 2673 3468 habe-

161 3523 256 3571 ret
288 3510 350 3570 in
382 3507 713 3573 altitudine
744 3506 1196 3568 semidiametri
1243 3506 1429 3566 unius
1477 3506 1808 3578 terrestris
1844 3503 2138 3586 impleret
2184 3526 2408 3567 omnes
2458 3502 2672 3586 plane-

161 3623 366 3671 tarum
398 3609 689 3691 regiones
731 3629 934 3689 usque
980 3607 1062 3667 ad
1109 3606 1426 3687 sphaeram
1477 3607 1717 3667 saturni
1769 3606 1831 3667 &
1879 3605 2070 3689 longe
2118 3605 2298 3668 ultra.
2398 3605 2674 3668 Proinde

162 3732 304 3771 curn
358 3719 465 3771 ae‘r
516 3709 723 3770 adhuc
783 3707 968 3769 altior
1027 3707 1091 3767 in
1152 3707 1533 3767 immensum
1586 3719 1895 3782 rarescat;
1959 3706 2021 3768 &
2073 3728 2257 3768 coma
2307 3728 2420 3768 seu
2469 3720 2671 3769 atmo-

162 3811 411 3892 sphaera
442 3823 722 3883 cometae,
757 3807 1166 3872 ascendendo
1211 3807 1292 3868 ab
1339 3805 1501 3868 illius
1543 3820 1777 3882 centro,
1817 3807 1999 3889 quasi
2049 3804 2321 3888 decuplo
2365 3804 2550 3870 altior
2592 3806 2676 3869 sit
