2852 4250
136 81 142 86 “
199 91 319 168 318
1037 93 1150 141 DE
1187 91 1422 142 Mors]
1455 88 1759 140 CORPOR
1772 89 1893 140 ml
2796 0 2852 328 ἲ

1076 385 1535 449 SECTIO
1614 385 1834 446 VII.

538 587 545 597 '
634 575 736 635 De
763 580 932 634 motu
942 570 1310 652 fluidorum
1345 569 1427 635 ὅς’
1458 558 1804 629 resistentia
1821 569 2267 650 prcy'ectilium.

365 862 1012 928 PROPOSITIO
1093 861 1447 923 XXXII.
1577 861 2159 924 THEOREMA
2244 863 2541 926 XXVI.

198 1068 282 1129 Si
325 1075 654 1148 corporum
704 1073 1031 1149 systemata
1076 1064 1197 1126 a'uo
1246 1064 1487 1126 similia
1540 1086 1613 1125 ex
1659 1066 1893 1147 a’quali
1919 1068 2403 1147 particularum
2451 1093 2709 1135 numero

279 1189 565 1254 constent,
604 1182 687 1248 ἐπ’
699 1180 1047 1262 particula>
1072 1179 1599 1259 correspondentes
1627 1179 1860 1241 similes
1897 1180 2030 1242 sint
2076 1183 2159 1247 &⁴
2185 1183 2704 1263 proportionales,

278 1296 549 1378 singulae
597 1295 668 1356 in
711 1316 837 1355 uno
879 1301 1198 1374 systemate
1237 1294 1510 1375 singulis
1554 1294 1623 1354 in
1653 1294 1867 1367 alter0,
1907 1296 1990 1361 ὅς’
2031 1296 2333 1358 similiter
2367 1297 2505 1359 sitae
2543 1298 2713 1360 inter

278 1434 353 1485 se,
406 1433 479 1472 ac
527 1410 743 1471 datam
794 1409 1062 1470 liabeant
1110 1410 1415 1471 rationem
1461 1409 1791 1471 densitatis
1837 1410 1928 1470 aa'
1971 1409 2245 1501 invicem,
2305 1411 2389 1477 ξφ
2438 1410 2608 1473 inter
2654 1434 2714 1473 se
2765 1483 2776 1490 ‚

283 1528 656 1608 temporibus
684 1524 1272 1606 proportionalibus
1314 1523 1614 1585 similiter
1658 1524 1890 1585 moveri
1930 1524 2243 1606 incipiant
2284 1530 2401 1602 (eae
2443 1526 2615 1587 inter
2653 1547 2714 1588 se
2750 1503 2753 1506 ἡ

279 1663 419 1723 quoe
446 1642 515 1703 in
546 1662 671 1702 uno
702 1647 856 1702 sunt
896 1646 1215 1720 systemate
1246 1640 1328 1705 ὅς’
1371 1660 1454 1699 eae
1482 1640 1652 1700 iuter
1677 1663 1738 1701 se
1777 1662 1915 1722 qua·
1942 1647 2095 1701 sunt
2138 1640 2207 1701 in
2247 1640 2481 1717 altero)
2530 1642 2613 1708 &³
2654 1643 2715 1704 si

280 1779 406 1819 non
438 1764 711 1838 tangant
737 1777 798 1818 se
825 1763 1043 1816 mutuo
1071 1776 1209 1835 quce
1249 1754 1317 1814 in
1349 1754 1545 1815 eodem
1576 1764 1730 1816 sunt
1755 1763 2088 1837 systemate,
2123 1755 2255 1816 nisi
2290 1755 2359 1816 in
2391 1758 2711 1820 momentis

280 1871 699 1953 reflexionum,
764 1891 953 1951 neque
1008 1869 1360 1942 attrahant,
1424 1870 1523 1930 vel
1556 1869 1803 1951 fugent
1859 1892 1920 1930 se
1976 1876 2210 1944 mutuo,
2273 1868 2407 1930 nisi
2469 1871 2711 1934 viribus

279 1986 809 2048 acceleratricibus
835 2006 976 2066 quse
1001 1984 1134 2046 sint
1161 1992 1236 2045 ut
1252 1984 1741 2064 particularum
1780 1983 2387 2066 correspondentiam
2415 1984 2716 2047 diametri

282 2102 521 2163 inverse
589 2102 672 2166 (ἴτ’
735 2101 1055 2182 quadrata
1122 2100 1367 2161 velocita
1375 2107 1512 2160 tum
1571 2100 1795 2161 a'irecte
1817 2126 1835 2162 .·
1894 2098 2025 2160 dico
2090 2099 2262 2181 quod
2309 2107 2709 2182 systematum

264 2218 612 2299 particulae
639 2217 771 2278 illa>
782 2224 1054 2298 pergent
1092 2216 1262 2277 inter
1287 2237 1348 2277 se
1387 2215 1761 2296 temporibus
1789 2213 2374 2295 proportionalibus
2415 2214 2713 2277 similiter

280 2333 524 2395 moveri.

313 2550 600 2630 Corpora
630 2546 859 2610 similia
906 2548 968 2610 &
1012 2548 1300 2611 similiter
1330 2550 1451 2611 sita
1497 2547 1890 2629 temporibus
1936 2545 2514 2628 proportionalibus
2547 2547 2709 2611 inter

195 2673 264 2712 se
309 2649 595 2711 similiter
635 2650 876 2711 moveri
923 2650 1082 2723 dico,
1118 2671 1387 2731 quorum
1421 2650 1578 2711 situs
1610 2648 1692 2710 ad
1741 2647 2013 2709 invicem
2062 2647 2124 2707 in
2175 2647 2300 2720 fine
2346 2660 2705 2729 temporum

197 2748 442 2812 illorum
484 2771 736 2830 semper
775 2762 925 2810 sunt
964 2747 1201 2810 similes
1232 2773 1243 2811 :
1290 2763 1446 2829 puta
1487 2748 1539 2808 si
1583 2745 1906 2829 particulae
1939 2747 2126 2807 unius
2167 2747 2532 2828 systematis
2562 2769 2705 2809 cum

196 2849 451 2912 alterius
521 2848 841 2930 particulis
902 2848 1545 2929 correspondentibus
1606 2847 2022 2909 conferantur.
2151 2847 2349 2909 Unde
2417 2860 2708 2930 tempora

196 2963 380 3011 erunt
431 2948 940 3030 proportionalia,
998 2950 1059 3010 in
1115 2950 1345 3030 quibus
1398 2947 1635 3010 similes
1690 2948 1752 3010 Sc
1804 2945 2308 3029 proportionales
2362 2947 2704 3031 figurarum

196 3048 492 3110 similium
539 3063 750 3129 partes
804 3071 842 3110 a
886 3048 1206 3129 particulis
1253 3049 1898 3130 correspondentibus
1951 3048 2407 3111 describuntur.
2504 3050 2708 3134 Igitur

195 3150 250 3211 si
295 3149 424 3211 duo
469 3149 595 3210 sint
639 3150 949 3231 ejusmodi
997 3162 1361 3230 systemata,
1410 3147 1735 3229 particulae
1781 3148 2368 3230 correspondenteS,
2403 3150 2488 3212 ob
2533 3150 2702 3211 simi-

195 3248 529 3311 litudinem
599 3248 1019 3329 incoeptorum
1093 3263 1401 3324 motuum,
1468 3262 1740 3331 pergent
1809 3248 2098 3312 similiter
2171 3251 2430 3324 moveri,
2501 3273 2704 3333 usque

194 3349 400 3411 donec
440 3348 565 3409 sibi
611 3361 832 3410 mutuo
876 3361 1222 3410 occurrant.
1322 3348 1494 3409 Nam
1541 3349 1592 3409 si
1649 3347 1834 3410 nullis
1877 3349 2203 3432 agitantur
2246 3351 2502 3424 viribuS,
2559 3374 2701 3433 pro-

193 3449 566 3533 gredientur
609 3447 1003 3509 uniformiter
1047 3449 1111 3509 in
1156 3447 1339 3510 lineis
1385 3450 1569 3511 rectis
1615 3471 1731 3535 per
1775 3462 1986 3512 motus
2034 3448 2155 3533 leg.
2202 3471 2248 3512 1.
2344 3450 2416 3512 Si
2461 3451 2703 3514 viribus

193 3548 510 3630 aliquibus
534 3570 604 3609 se
635 3560 865 3609 mutuo
886 3549 1144 3630 agitant,
1173 3548 1234 3610 &
1258 3549 1425 3610 vires
1459 3548 1580 3611 illae
1604 3550 1732 3611 sint
1762 3564 1832 3612 ut
1862 3548 2310 3631 particularum
2334 3573 2701 3633 correspon-

194 3650 484 3712 dentium
527 3647 818 3710 diametri
865 3648 1114 3709 inverse
1161 3647 1223 3708 &
1268 3648 1581 3728 quadrata
1610 3647 2020 3712 velocitatum
2061 3651 2344 3726 ¹directe;
2398 3652 2700 3734 quoniam

194 3747 643 3833 particularum
699 3749 858 3811 situs
913 3760 1061 3809 sunt
1120 3746 1358 3808 similes
1413 3747 1475 3808 &
1527 3749 1696 3810 vires
1749 3750 2272 3832 proportionaleS‚
2327 3752 2495 3814 vires
2549 3765 2701 3815 totae

195 3852 426 3934 quibus
508 3848 831 3932 particulae
906 3849 1476 3930 correspondentes
1553 3849 1887 3931 agitantur,
1966 3873 2047 3912 ex
2123 3852 2362 3914 viribus
2436 3853 2701 3936 singulis
