2846 4224
1037 95 1434 173 EDJTORJS
1443 109 1715 186 PRAEFA
1725 127 1861 197 ΠΟ,
2545 156 2675 196 xxv

84 265 200 381 ‘'37-
234 283 401 347 cebit
443 303 651 364 neque
693 285 956 344 extenSa
1001 252 1156 354 esse,
1203 287 1320 344 nec
1362 282 1630 360 mobilia,
1679 307 1793 347 nec
1837 289 2343 369 impenetrabilia,
2390 315 2529 355 cum
2573 297 2672 359 hae

80 380 82 382 ’
186 372 495 444 fixarum
534 376 894 441 affectiones
925 380 1204 441 nondum
1234 381 1359 449 sint
1387 381 1752 446 observatae.
1862 386 2033 463 Quid
2077 410 2235 478 opus
2280 397 2377 451 est
2414 393 2659 455 verbis.
2646 395 2671 438 Ρ

233 479 398 540 inter
424 478 747 560 primarias
776 476 1108 559 qualitates
1152 499 1479 557 corporum
1524 481 1955 543 universorum
1985 484 2087 545 vel
2117 488 2390 567 gravitas
2421 489 2675 552 habebit

232 575 472 648 locum;
535 574 638 637 vel
687 576 987 646 extensi0,
1048 574 1363 636 mobilitas
1423 576 1484 637 ἃ
1542 578 2093 657 impenetrabilitas
2153 604 2277 644 non
2337 584 2668 650 habebunt.

237 675 327 735 Et
371 687 592 734 natura
637 695 841 734 rerum
889 671 990 734 vel
1049 686 1217 734 recte
1275 673 1684 754 explicabitur
1740 699 1854 757 per
1903 701 2230 759 corporum
2281 684 2670 763 gravitatem,

230 773 332 835 vel
377 794 503 835 non
546 786 714 834 recte
756 771 1165 852 explicabitur
1207 794 1320 853 per
1369 795 1696 889 corporum
1757 777 2202 850 extensionem,
2265 779 2670 842 mobilitatem

154 931 164 940 .
232 874 294 935 ἃ
323 871 986 953 impenetrabilitatem.

343 970 559 1032 Audio
617 967 947 1031 nonnullos
994 968 1154 1030 hanc
1213 971 1564 1051 improbare
1622 973 2098 1046 conclusionem,
2162 976 2221 1036 &
2280 977 2361 1038 de
2419 976 2672 1039 occultis

231 1067 630 1150 qualitatibus
661 1068 870 1128 nescio
900 1068 1050 1147 quid
1082 1069 1427 1130 mussitare.
1520 1070 1912 1134 Gravitatem
1944 1073 2176 1134 scilicet
2204 1074 2510 1136 occultum
2535 1098 2673 1137 esse

230 1167 398 1247 quid,
451 1179 755 1247 perpetuo
811 1167 1083 1246 argutari
1142 1166 1378 1239 solent;
1447 1168 1718 1230 occultas
1777 1173 1929 1232 vero
1987 1194 2204 1233 causas
2263 1174 2475 1253 procul
2534 1196 2673 1235 esse

230 1265 611 1349 ablegandas
655 1288 693 1327 a
736 1265 1143 1346 philosophia.
1270 1267 1393 1327 His
1438 1281 1647 1328 autem
1688 1270 1866 1332 facile
1911 1274 2356 1352 respondetur;
2402 1273 2672 1334 occultas

229 1387 369 1427 esse
412 1387 646 1436 causaS,
701 1385 826 1425 non
878 1362 1012 1424 illas
1053 1365 1308 1444 quidem
1356 1387 1618 1445 quarum
1666 1364 1998 1430 existentia
2044 1393 2158 1451 per
2203 1372 2671 1432 observationes

229 1462 565 1525 clarissime
608 1463 1084 1534 demonstratur,
1117 1463 1230 1523 sed
1276 1464 1389 1524 has
1440 1463 1641 1526 solum
1691 1488 1953 1546 quarum
2002 1469 2242 1529 occulta
2286 1484 2382 1530 est
2426 1470 2486 1530 &
2531 1470 2673 1530 ficta

226 1563 560 1624 existentia
590 1561 867 1623 nondum
898 1583 1049 1623 vero
1078 1563 1494 1642 comprobata.
1586 1564 1879 1626 Gravitas
1912 1589 2062 1648 ergo
2108 1589 2231 1628 non
2277 1569 2392 1628 erit
2435 1568 2674 1630 occulta

227 1681 413 1721 causa
431 1673 711 1721 motuum
735 1658 1097 1734 caelestium;
1130 1662 1439 1742 siquidem
1463 1683 1542 1722 ex
1565 1662 1995 1742 phaenomenis
2026 1679 2346 1726 ostensum
2378 1680 2487 1738 est,
2514 1667 2672 1734 hanc

226 1758 519 1819 virtutem
565 1780 784 1819 revera
826 1759 1109 1820 existere.
1236 1760 1327 1820 Hi
1372 1761 1579 1840 potius
1609 1761 1689 1821 ad
1721 1754 1992 1823 occultas
2024 1765 2387 1846 confugiunt
2419 1787 2669 1838 causas;

226 1858 331 1937 qui
363 1858 572 1918 nescio
603 1879 760 1938 quos
790 1858 1072 1929 vorticeS,
1100 1860 1375 1919 materiae
1399 1860 1720 1939 cujusdam
1752 1883 2004 1941 prorsus
2037 1862 2266 1923 fictitiae
2299 1863 2359 1923 &
2388 1864 2671 1924 sensibus

227 1957 482 2018 omnino
513 1958 758 2038 ignotae,
792 1957 1063 2017 motibus
1096 1957 1316 2017 iisdem
1348 1958 1639 2038 regendis
1671 1959 2031 2038 praeficiunt.

344 2056 580 2117 Ideone
637 2069 847 2116 autem
919 2056 1195 2137 gravitas
1269 2056 1511 2117 occulta
1583 2079 1771 2117 causa
1842 2060 2095 2132 dicetur,
2158 2083 2359 2141 eoque
2419 2062 2669 2123 nomine

226 2156 535 2237 rejicietur
573 2177 609 2215 e
660 2153 1067 2234 philosophia,
1122 2156 1292 2235 quod
1341 2178 1528 2216 causa
1576 2156 1768 2235 ipsius
1814 2159 2140 2238 gravitatis
2185 2159 2425 2220 occulta
2469 2174 2565 2221 est
2610 2160 2670 2220 δε

226 2255 503 2315 nondum
534 2244 837 2314 inventa?
927 2253 1054 2330 Qui
1085 2254 1173 2314 sic
1204 2267 1499 2325 statuunt,
1533 2255 1792 2314 videant
1823 2257 2054 2335 nequid
2086 2271 2363 2319 statuant
2392 2260 2665 2334 absurdi,

225 2352 392 2412 unde
421 2352 609 2443 totius
640 2351 894 2412 tandem
939 2350 1350 2431 philosophiae
1395 2353 1801 2412 fundamenta
1846 2353 2286 2423 convellantur.
2412 2357 2667 2417 Etenim

223 2471 449 2510 causae
458 2437 751 2510 continuo
783 2470 945 2509 nexu
978 2450 1315 2528 procedere
1345 2450 1547 2511 solent
1570 2472 1607 2509 a
1631 2453 1989 2530 compositis
2013 2454 2092 2512 ad
2118 2438 2530 2534 simpliciora.
2562 2457 2667 2516 ubi

70 2546 77 2551 ⁴
134 2577 137 2579 ·
225 2549 306 2609 ad
337 2571 586 2609 causam
616 2547 1133 2628 simplicissimam
1158 2550 1532 2628 perveneriS,
1546 2551 1677 2630 jam
1704 2571 1826 2610 non
1852 2549 2057 2609 licebit
2080 2550 2334 2611 ulterius
2358 2555 2664 2634 progredi.

230 2647 454 2708 Causae
485 2648 673 2729 igitur
703 2646 1175 2726 simplicissimae
1207 2646 1374 2707 nulla
1403 2648 1535 2707 dari
1568 2661 1776 2727 potest
1807 2648 2163 2708 mechanica
2202 2650 2531 2729 explicatio
2561 2676 2571 2713 :
2617 2655 2669 2713 si

227 2745 480 2807 daretur
524 2746 705 2816 enim,
739 2767 927 2806 causa
974 2746 1252 2806 nondum
1300 2759 1468 2807 esset
1513 2746 1983 2826 simplicissima.
2100 2747 2238 2807 Has
2288 2761 2353 2808 tu
2407 2751 2669 2829 proinde

227 2864 445 2904 causas
490 2842 976 2923 simplicissimas
1016 2843 1358 2923 appellabis
1388 2844 1675 2916 occultaS,
1711 2844 1771 2904 &
1818 2844 2069 2905 exulare
2106 2846 2407 2926 jubebis?
2470 2848 2670 2908 Simul

226 2962 377 3003 vero
428 2941 768 3002 exulabunt
815 2942 876 3002 &
921 2942 1001 3002 ab
1049 2942 1144 3001 his
1191 2943 1474 3021 proxime
1521 2943 1867 3022 pendentes
1914 2942 1974 3002 ἃ
2019 2964 2160 3022 quae
2205 2945 2285 3004 ab
2331 2944 2445 3005 illis
2485 2968 2670 3025 porro

227 3040 520 3120 pendent,
552 3062 753 3121 usque
782 3040 934 3101 dum
978 3062 1018 3100 a
1060 3040 1260 3101 causis
1305 3041 1592 3101 omnibus
1623 3062 1821 3101 vacua
1850 3040 2034 3100 fuerit
2078 3041 2138 3101 &
2182 3043 2377 3121 probe
2407 3059 2670 3125 purgata

206 3202 212 3207 ,
227 3137 633 3219 philosophia.
1391 3129 1395 3133 ’

339 3237 504 3298 Sunt
546 3238 653 3318 qui
696 3238 1070 3319 gravitatem
1115 3251 1343 3318 praeter
1387 3251 1671 3299 naturam
1719 3260 1858 3300 esse
1904 3239 2133 3310 dicunt,
2189 3239 2250 3300 &
2309 3241 2667 3302 miraculum

227 3348 598 3416 perpetuum
627 3348 871 3397 vocant.
970 3337 1191 3416 Itaque
1237 3337 1635 3418 rejiciendam
1681 3358 1819 3397 esse
1850 3336 2084 3409 volunt,
2119 3359 2258 3397 cum
2306 3339 2366 3398 in
2411 3340 2668 3419 physica

227 3433 764 3512 praeternaturales
817 3425 1019 3495 causae
1066 3434 1269 3495 locum
1323 3455 1446 3495 non
1500 3435 1784 3496 habeant.
1909 3435 2078 3495 Huic
2137 3436 2364 3515 ineptae
2416 3459 2667 3516 prorsus

226 3531 557 3612 objectioni
587 3532 914 3605 diluendae,
948 3555 1090 3613 quae
1123 3533 1183 3593 ἃ
1214 3534 1349 3612 ipsa
1379 3532 1836 3613 philosophiam
1881 3534 2122 3593 subruit
2157 3536 2526 3604 universam,
2560 3537 2665 3595 vix

228 3649 435 3708 operae
492 3631 760 3710 pretium
819 3644 945 3692 est·
974 3632 1301 3693 immorari.
1430 3630 1549 3691 Vel
1623 3631 1790 3691 enim
1861 3631 2234 3711 gravitatem
2308 3634 2664 3711 corporibus

228 3727 514 3789 omnibus
558 3729 818 3790 inditam
862 3751 1003 3791 esse
1061 3730 1395 3810 negabunt,
1451 3729 1621 3808 quod
1667 3741 1876 3789 tamen
1922 3729 2042 3788 dici
2089 3749 2211 3788 non
2257 3742 2503 3808 potest:
2563 3729 2662 3788 vel
