2852 4250
169 137 287 197 322
988 114 1103 164 DE
1139 114 1370 166 MOTU
1408 114 1851 165 CORPORUM

285 286 487 348 Corol.
529 302 581 364 5.
637 283 726 345 Et
771 304 914 345 cum
963 303 1230 363 corpora
1277 278 1520 354 similia,
1553 278 1825 362 aequalia
1873 280 1936 342 &
1976 279 2406 364 aequivelocia,
2441 281 2503 345 in
2545 305 2676 347 me-

163 386 285 448 diis
316 384 604 469 ejusdem
637 383 985 455 densitatiS,
1020 403 1290 464 quorum
1322 378 1647 462 particulae
1692 401 1763 442 se
1808 393 2031 444 mutuo
2075 402 2204 444 non
2240 381 2508 466 fugiunt,
2541 383 2680 447 sive

162 483 487 568 particulae
539 482 664 564 jllae
713 483 841 545 sint
893 481 1105 564 plures
1139 482 1200 544 &
1254 482 1548 553 minoreS‚
1599 481 1738 543 sive
1782 481 2113 562 pauciores
2168 480 2230 543 &
2274 482 2565 566 majore3‚
2616 483 2679 544 in

164 583 477 667 aequalem
509 583 791 645 materiae
824 583 1245 664 quantitatem
1279 581 1672 663 temporibus
1704 579 2055 663 aequalibus
2088 581 2460 666 impingant,
2492 583 2682 665 eique

163 684 476 768 aequalem
552 697 762 746 motus
837 683 1258 764 quantitatem
1335 682 1716 764 imprimant,
1781 681 1843 744 &
1916 682 2198 744 vicissim
2270 682 2411 767 (per
2468 697 2680 747 motus

162 785 371 869 legem
432 782 708 866 tertiam)
766 781 1078 863 aequalem
1139 782 1222 843 ab
1275 782 1503 844 eadem
1564 781 1950 845 reactionem
2003 783 2340 864 patiantur,
2391 783 2512 847 hoc
2563 799 2678 858 est,

162 884 492 967 aequaliter
523 884 935 945 resistantur:
984 881 1391 943 manifestum
1441 895 1540 944 est
1584 883 1778 945 etiam
1816 884 1990 965 quod
2039 884 2101 945 in
2148 884 2437 967 ejusdem
2468 885 2679 948 densi-

161 987 308 1048 tatis
354 984 563 1045 fluidis
618 981 906 1055 elasticiS,
955 982 1063 1043 ubi
1112 980 1514 1044 velocissime
1559 995 1915 1057 moventur,
1964 983 2243 1066 aequales
2289 985 2417 1047 sint
2460 1007 2680 1048 eorum

162 1085 538 1148 resistentiae
585 1106 778 1165 quam
824 1083 1150 1165 proxime;
1198 1084 1337 1146 sive
1384 1084 1579 1145 fluida
1625 1082 1730 1145 illa
1774 1106 1856 1146 ex
1901 1084 2224 1166 particulis
2270 1086 2681 1148 crassioribus

159 1200 467 1261 constent,
502 1185 640 1246 sive
672 1207 752 1245 ex
783 1185 1069 1246 omnium
1101 1183 1529 1245 subtilissimis
1561 1185 2039 1248 constituantur.
2139 1186 2245 1247 Ex
2294 1186 2487 1256 medii
2536 1187 2680 1248 sub-

159 1288 385 1351 tilitate
434 1286 793 1349 resistentia
841 1284 1262 1370 projectilium
1295 1284 1622 1349 celerrime
1668 1300 1987 1349 motorum
2020 1307 2148 1348 non
2194 1285 2465 1349 multum
2496 1287 2679 1348 dimi-

162 1390 389 1450 nuitur.
2748 1469 2752 1475 Ι

280 1490 482 1551 Corol.
522 1493 577 1550 6.
636 1488 801 1550 Haec
833 1488 1047 1550 omnia
1080 1488 1166 1550 ita
1196 1511 1267 1550 se
1308 1488 1549 1551 habent
1594 1488 1657 1550 in
1705 1488 1930 1563 fluidis,
1965 1511 2237 1571 quorum
2281 1489 2381 1551 vis
2426 1486 2685 1552 elastica

158 1612 239 1652 ex
286 1587 733 1671 particularum
766 1588 1006 1649 viribus
1039 1589 1409 1672 centrifugis
1441 1589 1753 1672 originem
1796 1590 1985 1652 ducit.
2083 1589 2280 1669 Quod
2328 1590 2383 1652 si
2430 1590 2530 1652 vis
2576 1589 2682 1652 illa

160 1689 415 1752 aliunde
447 1690 698 1762 oriatur,
732 1688 930 1751 veluti
978 1711 1058 1751 ex
1104 1689 1554 1771 particularum
1587 1691 1980 1772 expansione
2025 1691 2108 1753 ad
2155 1691 2355 1752 instar
2382 1689 2546 1753 lanae
2576 1690 2678 1754 vel

160 1813 480 1853 ramorum
512 1791 828 1864 arborum,
863 1802 974 1850 aut
1004 1811 1084 1851 ex
1130 1789 1253 1851 alia
1298 1791 1526 1872 quavis
1573 1813 1780 1865 causa,
1815 1814 1944 1874 qua
1974 1804 2186 1854 motus
2231 1791 2680 1874 particularum

162 1893 327 1954 inter
356 1914 426 1953 se
459 1890 812 1952 redduntur
842 1891 1051 1952 minus
1082 1890 1261 1954 liberi
1292 1916 1303 1954 :
1352 1892 1728 1968 resistentia,
1763 1893 1848 1953 ob
1894 1892 2206 1956 minorem
2250 1893 2446 1956 medii
2478 1893 2681 1956 fluidi-

161 2005 375 2066 tatem,
410 1993 529 2054 erit
560 1992 763 2075 major
793 2013 987 2073 quam
1022 1993 1085 2053 in
1118 1993 1550 2074 superioribus
1582 1991 1939 2055 corollariis.

251 2229 898 2293 PROPOSITIO
979 2231 1356 2294 XXXIV.
1489 2232 2108 2295 THEOREMA
2191 2233 2588 2297 XXVIII.

160 2416 216 2476 S
215 2416 244 2477 i
270 2416 494 2498 globus
529 2417 611 2482 ὥ*
654 2416 979 2497 cylindrus
1007 2416 1350 2498 aeqnalibus
1392 2417 1721 2480 diametris
1748 2418 2055 2501 descripti,
2089 2419 2160 2481 in
2191 2419 2385 2481 medio
2414 2440 2569 2480 raro
2612 2441 2688 2481 ex

258 2516 607 2596 particulis
651 2517 995 2598 a’qnalibns
1028 2519 1111 2583 ὣ*
1139 2518 1231 2579 ad
1265 2519 1530 2600 (equales
1572 2519 1649 2580 ab
1687 2519 1943 2580 invicem
1974 2519 2315 2581 distantias
2343 2519 2532 2581 libere
2556 2519 2679 2581 dis-

259 2618 490 2697 positis
518 2626 843 2691 constante,
876 2619 1208 2679 secundnm
1241 2620 1512 2701 plagam
1542 2619 1682 2681 axis
1714 2620 2009 2701 cylindri,
2042 2620 2277 2702 aeqnali
2301 2641 2439 2695 cum
2470 2620 2678 2682 veloci—

276 2725 403 2777 tate
431 2726 802 2779 moveantur
822 2745 840 2781 .·
885 2720 1010 2780 erit
1038 2720 1386 2782 resistentia
1405 2721 1587 2803 globi
1623 2720 1817 2802 duplo
1861 2720 2076 2782 minor
2100 2742 2292 2802 quam
2332 2720 2682 2783 resistentia

280 2817 578 2897 cylindri.

284 3001 457 3062 Nam
506 3004 807 3083 quoniam
839 3005 1004 3067 actio
1050 3006 1242 3068 medii
1291 3006 1354 3067 in
1387 3028 1617 3089 corpus
1649 3005 1876 3068 eadem
1914 2986 2013 3068 est
2058 3003 2198 3089 (per
2241 3002 2456 3088 legum
2488 3002 2675 3067 corol.

166 3099 228 3183 5)
285 3101 423 3163 sive
469 3124 696 3184 corpus
747 3104 808 3164 in
859 3105 1072 3166 medio
1121 3105 1488 3187 quiescente
1534 3119 1883 3180 moveatur,
1938 3106 2078 3168 sive
2125 3106 2318 3168 medii
2366 3103 2692 3187 particulae

169 3201 398 3263 eadem
430 3223 573 3263 cum
620 3202 956 3266 velocitate
1003 3205 1360 3289 impingant
1406 3208 1467 3268 in
1516 3229 1744 3288 corpus
1791 3206 2167 3289 quiescens:
2214 3205 2690 3268 consideremus

167 3323 398 3383 corpus
465 3315 770 3384 tanquam
832 3305 1188 3385 quiescens,
1252 3306 1313 3368 &
1373 3307 1709 3369 videamus
1770 3329 1900 3388 quo
1968 3307 2210 3387 impetu
2270 3305 2601 3389 urgebitur
2649 3327 2690 3368 a

168 3401 385 3462 medio
431 3415 748 3464 movente.
850 3404 1167 3487 Designet
1199 3406 1390 3488 igitur
1418 3408 1488 3468 A
1518 3408 1585 3468 B
1607 3408 1691 3468 K
1705 3408 1755 3468 I
1795 3428 2024 3489 corpus
2056 3406 2438 3487 sphaericum
2469 3418 2688 3468 centro

173 3501 233 3563 C
279 3501 755 3564 semidiametro
811 3503 955 3574 CA
1014 3505 1420 3588 descriptum,
1478 3507 1541 3569 &
1590 3507 1873 3570 incidant
1924 3504 2250 3588 particulae
2302 3506 2495 3568 medii
2537 3506 2690 3567 data

170 3621 315 3661 cum
346 3598 685 3663 velocitate
732 3602 794 3664 in
827 3624 1056 3684 corpus
1103 3604 1256 3667 illud
1302 3607 1702 3687 sphaericum,
1736 3607 2088 3669 secundum
2135 3619 2339 3668 rectas
2383 3605 2504 3687 ipsi
2533 3606 2604 3667 A
2637 3606 2696 3668 C

170 3698 536 3780 parallelas:
590 3701 801 3783 sitque
852 3704 1002 3765 FB
1045 3705 1359 3787 ejusmodi
1414 3720 1600 3770 recta.
1722 3709 1798 3769 In
1840 3730 1919 3770 ea
1961 3707 2248 3789 capiatur
2289 3707 2351 3768 L
2384 3707 2452 3768 B
2501 3705 2686 3768 semi-

167 3800 486 3864 diametro
537 3802 679 3864 CB
721 3801 1001 3884 aequaliS,
1037 3804 1099 3866 8z
1144 3805 1412 3867 ducatur
1457 3807 1615 3867 BD
1663 3829 1807 3889 quae
1856 3807 2175 3890 sphaeram
2223 3819 2448 3891 tangat
2494 3806 2558 3869 in
2605 3806 2685 3867 B.

174 3901 251 3962 In
283 3901 367 3962 K
383 3902 442 3963 C
461 3901 522 3963 &
553 3902 619 3963 B
640 3903 713 3963 D
743 3903 1160 3966 demittantur
1189 3904 1743 3986 perpendiculares
1774 3909 1840 3969 B
1857 3909 1940 3980 E,
1965 3908 2027 3969 L
2050 3907 2137 3981 D,
2166 3906 2227 3968 &
2258 3907 2355 3969 vis
2387 3928 2515 3988 qua
2544 3927 2684 3987 par-
