2852 4250
1065 115 1301 164 LIBER
1336 114 1429 164 SE
1429 114 1475 165 C
1484 117 1642 165 UND
1655 118 1751 167 US.
2496 145 2528 202 3
2541 142 2570 200 7
2579 146 2610 201 3

308 277 619 338 Caeterum
651 276 712 334 in
743 275 862 336 hoc
905 288 1196 354 computo
1241 274 1408 336 nulla
1450 276 1712 336 habetur
1754 278 1908 338 ratio
1953 280 2368 343 crassitudinis
2398 284 2615 347 solida-

197 394 333 435 rum
404 369 840 452 particularum
913 372 1087 440 aeriS,
1163 393 1275 449 per
1331 393 1518 450 quam
1576 393 1766 432 sonus
1840 374 2052 453 utique
2123 392 2500 458 propagatur
2556 382 2616 441 in

196 465 462 532 instanti.
557 469 717 528 Cum
747 468 992 547 pondus
1023 468 1180 527 aeris
1211 468 1292 527 sit
1320 467 1400 527 ad
1436 468 1682 546 pondus
1712 490 1891 547 aquae
1921 483 1990 530 ut
2028 492 2049 531 1
2088 473 2167 537 ad
2201 476 2338 550 870,
2373 476 2431 535 &
2461 476 2619 539 sales

195 567 319 627 sint
374 565 503 626 sere
553 563 744 643 duplo
788 564 1106 624 densiores
1151 585 1339 642 quam
1383 585 1578 643 aqua3
1645 565 1696 624 si
1747 566 2059 644 particulae
2110 570 2269 628 aeris
2319 586 2624 649 ponantur

194 685 332 724 esse
367 661 646 742 ejusdem
690 661 928 720 circiter
970 659 1293 719 densitatis
1337 681 1476 719 cum
1521 660 1831 739 particulis
1875 662 1974 724 vel
2019 686 2197 743 aquae
2241 666 2341 726 vel
2386 667 2617 741 salium,

197 759 258 819 &
300 760 516 819 raritas
560 757 718 817 aeris
769 757 1003 817 oriatur
1051 757 1131 816 ab
1184 755 1519 817 intervallis
1564 757 2037 836 particularum:
2096 762 2397 823 diameter
2438 767 2622 843 parti-

129 918 134 922 ,
194 848 556 917 culae‘ae'ris
608 855 724 914 erit
772 854 852 913 ad
905 853 1294 914 intervallum
1340 855 1498 915 inter
1539 868 1749 916 centra
1797 857 2245 935 particularum,
2277 874 2346 922 ut
2398 883 2419 922 1
2472 865 2550 923 ad
2583 885 2620 940 9

192 951 293 1014 vel
348 972 420 1025 10
464 951 716 1020 circiter,
771 950 831 1010 81
881 950 962 1009 ad
1015 949 1405 1011 intervallum
1459 951 1616 1011 inter
1666 952 1993 1031 particulas
2045 968 2113 1015 ut
2166 977 2186 1015 1
2239 958 2318 1017 ad
2366 961 2401 1018 8
2433 959 2532 1020 vel
2562 982 2615 1036 9.

200 1054 467 1116 Proinde
497 1053 577 1113 ad
607 1051 800 1132 pedes
833 1068 971 1127 979,
1005 1072 1163 1130 quos
1193 1072 1383 1111 sonus
1408 1063 1688 1130 tempore
1711 1053 1928 1112 minuti
1959 1054 2138 1114 unius
2169 1056 2421 1116 secundi
2442 1058 2623 1137 juxta

195 1151 494 1214 calculum
525 1150 906 1230 superiorem
938 1148 1233 1219 conficiet,
1267 1148 1498 1208 addere
1542 1147 1683 1208 licet
1722 1150 1915 1228 pedes
1951 1150 2039 1214 ⁹3⁹
2075 1173 2183 1212 seu
2225 1173 2336 1228 109
2368 1154 2620 1229 circiter,

195 1252 278 1312 ob
329 1249 798 1311 crassitudinem
843 1243 1279 1325 particularum
1320 1246 1520 1306 ae'ris:
1596 1245 1656 1305 &
1707 1247 1794 1306 sic
1841 1268 2029 1308 sonus
2080 1261 2358 1328 tempore
2409 1252 2625 1311 minuti

197 1348 376 1408 unius
407 1346 661 1407 secundi
693 1343 978 1406 conficiet
1007 1343 1201 1422 pedes
1243 1346 1397 1404 1088
1431 1344 1682 1405 circiter.

314 1447 437 1506 His
468 1446 631 1505 adde
662 1442 830 1524 quod
862 1463 1127 1521 vapores
1174 1443 1234 1501 in
1279 1452 1421 1502 ae‘re
1466 1441 1743 1514 latenteS,
1776 1464 1915 1503 cum
1947 1445 2070 1503 sint
2108 1443 2357 1505 alterius
2388 1435 2629 1506 elateris

199 1545 259 1606 Sc
316 1543 565 1604 alterius
617 1542 762 1612 toni,
817 1541 924 1600 vix
982 1552 1090 1599 aut
1148 1560 1226 1599 ne
1284 1540 1391 1599 vix
1451 1540 1703 1619 quidem
1761 1542 2130 1619 participant
2187 1555 2422 1602 motum
2473 1543 2630 1602 aeris

197 1625 335 1705 veri
381 1665 505 1723 quo
557 1642 693 1703 soni
746 1652 1184 1720 propagantur.
1311 1638 1433 1698 His
1485 1652 1693 1699 autem
1752 1640 2222 1719 quiescentibuS,
2277 1654 2480 1701 motus
2532 1640 2631 1702 ille

197 1741 453 1803 celerius
505 1739 951 1820 propagabitur
996 1758 1109 1816 per
1159 1734 1358 1796 solum
1406 1746 1613 1796 ae'rem
1665 1759 1896 1808 verum,
1952 1739 2139 1818 idque
2199 1740 2259 1798 in
2316 1738 2630 1818 subdupli-

197 1853 335 1901 cata
364 1839 600 1899 ratione
632 1837 884 1898 minoris
930 1834 1220 1895 materiae.
1320 1834 1413 1894 Ut
1456 1836 1507 1894 si
1552 1836 1966 1914 atmosphaera
2011 1850 2252 1897 constet
2295 1859 2373 1897 ex
2418 1838 2631 1898 decem

198 1940 477 2020 partibus
521 1938 680 1998 aeris
724 1937 856 1996 veri
903 1934 963 1995 &
1015 1954 1140 1993 una
1190 1946 1366 2012 parte
1417 1955 1736 2013 vaporum,
1784 1947 1989 1995 motus
2036 1956 2327 1995 sonorum
2380 1934 2634 1995 celerior

198 2042 315 2103 erit
359 2041 419 2100 in
471 2037 903 2118 subduplicata
947 2035 1185 2096 ratione
1239 2055 1301 2093 11
1342 2035 1422 2094 ad
1478 2055 1566 2108 10,
1601 2033 1700 2094 vel
1747 2035 1807 2093 in
1853 2035 2092 2116 integra
2131 2036 2367 2095 circiter
2396 2035 2630 2095 ratione

202 2159 271 2198 21
331 2138 412 2198 ad
468 2157 561 2208 20,
612 2158 798 2216 quam
851 2135 903 2195 si
963 2147 1410 2214 propagaretur
1466 2155 1579 2212 per
1635 2133 1920 2193 undecim
1978 2147 2184 2212 partes
2243 2134 2400 2193 aeris
2459 2134 2628 2194 veri:

195 2236 462 2315 ideoque
535 2247 738 2295 motus
812 2254 1106 2294 sonorum
1179 2254 1368 2311 supra
1441 2233 1744 2302 inventuS,
1819 2232 2141 2311 augendus
2214 2232 2328 2291 erit
2396 2232 2456 2290 in
2515 2231 2630 2291 hac

196 2334 447 2395 ratione.
541 2332 687 2410 Quo
730 2345 917 2411 pacto
960 2352 1166 2402 sonuS,
1201 2343 1481 2409 tempore
1527 2330 1743 2390 minuti
1797 2330 1976 2389 unius
2024 2330 2292 2401 secundi,
2346 2329 2629 2390 conficiet

198 2432 396 2512 pedes
436 2451 608 2507 1142.
1922 2487 1927 2491 .

317 2529 478 2589 Haec
508 2529 592 2589 ita
635 2549 704 2588 se
748 2528 977 2589 habere
1021 2529 1254 2589 debent
1298 2541 1579 2607 tempore
1633 2549 1826 2587 verno
1880 2527 1939 2586 &
1986 2524 2338 2596 autumnali,
2371 2524 2475 2584 ubi
2526 2533 2633 2583 aer

195 2649 306 2708 per
334 2626 600 2688 calorem
632 2639 1045 2707 temperatum
1076 2630 1328 2688 rarescit
1360 2628 1419 2688 ἃ
1450 2630 1583 2709 ejus
1628 2629 1723 2688 vis
1769 2626 2018 2688 elastica
2062 2625 2335 2687 nonnihil
2369 2624 2629 2685 intendi-

197 2739 310 2788 tur.
424 2727 517 2787 At
567 2727 846 2807 hyberno
898 2741 1197 2807 tempore,
1246 2729 1350 2787 ubi
1396 2739 1504 2788 a'er
1548 2750 1659 2806 per
1700 2728 1892 2808 frigus
1938 2727 2363 2797 condensatur,
2398 2726 2458 2785 δι
2501 2726 2632 2806 ejus

198 2825 294 2884 vis
324 2822 574 2885 elastica
605 2826 946 2896 remittitur,
980 2840 1186 2886 motus
1228 2848 1520 2886 sonorum
1567 2827 1798 2886 tardior
1841 2847 1978 2885 esse
2008 2825 2196 2884 debet
2226 2825 2286 2883 in
2318 2821 2631 2902 subdupli-

199 2934 336 2982 cata
365 2922 602 2983 ratione
631 2922 988 2996 densitatis;
1038 2923 1097 2983 Sc
1127 2923 1398 2983 vicissim
1429 2924 1649 2983 aestivo
1673 2936 1950 3001 tempore
1973 2922 2161 2982 debet
2190 2943 2327 2982 esse
2350 2920 2632 2981 velocior.

318 3020 582 3081 Constat
631 3033 840 3080 autem
886 3042 999 3100 per
1041 3022 1468 3100 experimenta
1519 3021 1688 3100 quod
1719 3021 1853 3081 soni
1899 3033 2178 3099 tempore
2209 3019 2425 3079 minuti
2457 3020 2634 3078 unius

201 3119 455 3178 secundi
488 3119 696 3179 eundo
741 3118 1073 3179 conficiunt
1116 3120 1311 3198 pedes
1356 3119 1767 3178 Lonclz'nenses
1808 3116 1946 3196 plus
1991 3118 2194 3177 minus
2240 3136 2411 3192 1142,
2442 3117 2632 3176 Pari-

196 3215 408 3276 sz‘enses
454 3237 605 3276 vero
660 3233 833 3293 1070.

284 3312 558 3393 Cognita
586 3334 879 3373 sonorum
925 3313 1254 3374 velocitate
1299 3312 1693 3373 innotescunt
1736 3314 1922 3373 etiam
1968 3311 2287 3372 intervalla
2330 3311 2630 3390 pulsuum.

205 3408 458 3469 Invenit
507 3411 722 3490 utique
772 3413 857 3471 D.
916 3413 1217 3482 Sauveur‚
1264 3411 1439 3470 factis
1499 3433 1536 3470 a
1593 3433 1662 3470 se
1721 3396 2174 3490 experimentiS,
2222 3409 2389 3487 quod
2435 3407 2634 3467 fistula

201 3518 431 3583 aperta,
465 3507 637 3587 cujus
668 3506 994 3587 longitudo
1025 3521 1120 3567 est
1158 3508 1389 3586 pedum
1419 3508 1875 3567 parisiensium
1918 3506 2055 3585 plus
2100 3506 2300 3564 minus
2345 3505 2630 3582 quinque,

202 3626 426 3666 sonum
473 3608 603 3667 edit
654 3609 934 3688 ejusdem
987 3610 1116 3669 toni
1176 3630 1316 3668 cum
1375 3630 1531 3669 sono
1590 3609 1836 3668 chordae
1890 3630 2028 3687 quae
2081 3622 2370 3687 tempore
2417 3608 2631 3666 minuti

203 3702 383 3763 unius
455 3706 708 3765 secundi
769 3707 1000 3766 centies
1073 3706 1340 3766 recurrit.
1475 3706 1640 3765 Sunt
1697 3706 1883 3785 igitur
1937 3704 2151 3783 pulsus
2221 3704 2358 3783 plus
2431 3705 2631 3764 minus

202 3811 449 3860 centum
503 3802 564 3862 in
624 3803 827 3881 spatio
878 3803 1109 3881 pedum
1168 3802 1623 3863 Parz'sz‘ensz'um
1690 3818 1860 3877 1070,
1894 3822 2049 3880 quos
2107 3821 2295 3862 sonus
2355 3813 2633 3879 tempore
