2852 4250
1054 113 1290 161 LIBER
1331 88 1664 165 TERTIUS.
2446 145 2517 200 41
2530 147 2567 200 9

136 281 356 327 mense
397 261 466 321 A
475 243 704 340 ugicstO,
751 259 980 339 reperit
1022 259 1411 341 horologium
1455 283 1635 321 suum
1680 263 1913 323 tardius
1957 268 2190 327 moveri
2226 289 2411 347 quam
2453 294 2565 351 pro

88 390 105 397 ·’
142 359 350 424 medio
392 370 565 418 motu
609 355 771 442 soliS,
804 357 1110 418 existente
1154 357 1500 418 differentia
1555 358 1612 416 2'
1651 358 1769 418 28‘'
1807 358 2064 440 singulis
2107 362 2338 424 diebus
2439 368 2564 428 De-

73 509 80 524 .
144 457 288 519 inde
330 454 615 516 faciendo
658 467 727 514 ut
770 454 1111 533 pendulum
1155 453 1419 533 simplex
1462 455 1542 514 ad
1587 455 1823 515 minuta
1865 455 2109 538 singula
2149 462 2419 528 secunda
2460 485 2570 541 per

10 566 14 570 ’
64 599 82 634 3
143 552 530 634 horologium
602 551 905 630 optimum
986 565 1340 611 mensurata
1417 550 1736 623 oscillaret,
1812 554 2050 614 notavit
2125 553 2569 636 longitudinem

67 699 81 729 .-
142 649 396 734 penduli
425 647 735 728 simpliciS,
771 648 831 708 &
875 649 992 709 hoc
1035 648 1181 708 fecit
1223 648 1450 727 saepius
1495 648 1752 729 singulis
1795 651 2154 729 septimanis
2189 673 2300 731 per
2328 675 2569 715 menses

67 766 71 772 ·
143 749 375 811 decem.
469 746 636 805 Tum
668 746 730 805 in
767 745 1047 806 Galliam
1077 746 1275 806 redux
1305 745 1563 805 contulit
1606 743 2053 826 longitudinem
2098 749 2277 829 hujus
2320 752 2571 830 penduli

118 867 282 927 ‚cum
325 843 712 925 longitudine
756 842 1008 922 penduli
1060 843 1419 903 Parisiensis
1470 842 1632 923 (quae
1677 857 1808 904 erat
1851 846 2032 904 trium
2076 847 2305 925 pedum
2355 849 2569 909 Parisi-

27 937 70 1021 &⁴⁴
109 943 383 1006 -ensium
444 941 504 1002 &
562 954 703 1002 octo
775 940 1075 1001 linearum
1134 962 1275 1000 cum
1343 940 1536 999 tribus
1601 941 1829 1020 quintis
1896 943 2170 1021 partibus
2234 943 2434 1027 lineae)
2512 947 2571 1007 ἃ

143 1041 369 1122 reperit
397 1040 746 1101 breviorem
770 1060 923 1110 esse,
949 1039 1255 1100 existente
1278 1038 1624 1099 differentia
1646 1038 1823 1099 lineae
1846 1040 2024 1099 unius
2048 1063 2186 1101 cum
2211 1043 2564 1121 quadrante.

40 1141 45 1148 ’
259 1141 485 1200 Postea
541 1138 842 1198 Hallez'us
899 1149 1111 1197 noster
1171 1137 1330 1196 circa
1386 1157 1616 1195 annum
1677 1141 1831 1213 1677
1890 1138 1970 1196 ad
2023 1137 2281 1198 insulam
2333 1141 2574 1200 Sanctae

141 1239 395 1300 Helenae
435 1237 738 1317 navigans
784 1236 1012 1314 reperit
1056 1233 1447 1315 horologium
1492 1255 1672 1293 suum
1717 1234 2152 1296 oscillatorium
2200 1237 2281 1296 ibi
2341 1238 2571 1297 tardius

43 1407 45 1410 ¹
143 1335 377 1397 moveri
436 1355 624 1414 quam
683 1333 976 1405 Londz'nz‘,
1039 1332 1151 1392 sed
1210 1333 1621 1392 differentiam
1682 1353 1805 1392 non
1866 1334 2116 1393 notavit.
2230 1333 2571 1394 Pendulum

30 1439 46 1469 ·’
142 1454 291 1494 vero
341 1432 592 1492 brevius
644 1429 915 1491 reddidit
966 1429 1297 1510 plusquam
1345 1442 1566 1490 octava
1624 1442 1798 1508 parte
1843 1430 2035 1510 digiti,
2088 1452 2197 1489 seu
2248 1429 2409 1490 linea
2453 1452 2575 1490 una

143 1552 282 1592 cum
340 1529 651 1590 semisse·
710 1529 797 1588 Et
847 1528 928 1587 ad
981 1528 1100 1589 hoc
1150 1528 1561 1598 efficiendum,
1616 1548 1755 1587 cum
1811 1526 2134 1607 longitudo
2192 1526 2455 1588 cochleae
2514 1528 2575 1587 in

67 1662 72 1664 -
146 1630 266 1690 ima
308 1628 484 1708 parte
528 1626 782 1707 penduli
829 1648 952 1688 non
999 1627 1324 1698 sufficeret,
1358 1625 1651 1686 annulum
1688 1624 1959 1706 ligneum
1997 1623 2192 1684 thecae
2222 1621 2486 1684 cochleae
2518 1624 2577 1684 δε

143 1726 401 1807 ponderi
432 1725 705 1805 pendulo
737 1725 1117 1805 interposuit.

260 1823 508 1884 Deinde
566 1844 731 1884 anno
799 1826 950 1883 1682
1021 1824 1099 1884 D.
1181 1822 1383 1882 Varin
1458 1822 1518 1882 8c
1595 1822 1671 1882 D.
1746 1823 1872 1881 Des
1941 1822 2150 1900 Hayes
2217 1821 2581 1880 invenerunt

144 1921 594 2003 longitudinem
653 1920 907 2001 penduli
967 1921 1226 2003 singulis
1287 1921 1537 1980 minutis
1596 1920 1880 1980 secundis
1939 1917 2267 1979 oscillantis
2340 1919 2399 1977 in
2472 1918 2577 1977 ob-

143 2020 483 2081 servatorio
531 2021 703 2101 regio
754 2020 1083 2080 Parisiensi
1129 2041 1267 2080 esse
1312 2019 1451 2098 ped.
1505 2039 1537 2095 3
1585 2016 1682 2079 lin.
1725 2017 1811 2080 83.
1907 2017 1992 2076 Et
2036 2017 2096 2075 in
2134 2014 2329 2075 insula
2385 2011 2580 2074 Germ

146 2119 366 2180 eadem
424 2119 723 2180 methodo
781 2117 1236 2200 longitudinem
1299 2115 1553 2196 penduli
1615 2114 1943 2195 synchroni
2008 2114 2372 2172 invenerunt
2442 2132 2578 2171 esse

145 2217 283 2298 ped.
351 2238 383 2295 3
458 2216 558 2278 lin.
625 2217 713 2288 63,
781 2217 1090 2278 existente
1165 2215 1624 2296 longitudinum
1698 2211 2041 2272 differentia
2125 2209 2223 2269 lin.
2306 2230 2355 2269 2.
2492 2208 2579 2267 Et

147 2315 368 2377 eodem
426 2336 592 2377 anno
651 2315 730 2375 ad
793 2314 1025 2375 insulas
1090 2315 1564 2392 Guadaloupam
1617 2311 1676 2371 &
1726 2309 2140 2369 Martz'nz'cam
2198 2307 2576 2386 naviganteS‚

147 2414 516 2475 invenerunt
558 2412 1011 2496 longitudinem
1067 2412 1320 2494 penduli
1373 2409 1701 2491 synchroni
1751 2408 1810 2467 in
1860 2407 1953 2485 his
2000 2404 2210 2465 insulis
2255 2426 2391 2465 esse
2435 2403 2572 2483 ped.

151 2532 183 2589 3
230 2510 330 2572 lin.
381 2512 468 2577 ὁὲν.

264 2610 530 2672 Posthac
589 2611 667 2672 D.
733 2612 986 2691 Conplet
1037 2609 1197 2670 filius
1250 2629 1413 2668 anno
1475 2611 1628 2682 1697
1691 2624 1903 2664 mense
1960 2602 2150 2676 Julz'o
2196 2600 2578 2680 horologium

147 2729 326 2768 suum
378 2706 815 2769 oscillatorium
863 2709 943 2768 ad
1005 2721 1240 2769 motum
1301 2704 1446 2766 solis
1506 2703 1777 2763 medium
1830 2702 1890 2761 in
1942 2698 2361 2760 observatorio
2412 2697 2582 2777 regio

153 2805 479 2866 Parisiensi
524 2806 612 2866 sic
655 2807 912 2886 aptavit,
947 2819 1016 2866 ut
1060 2819 1341 2884 tempore
1385 2803 1533 2862 satis
1578 2801 1765 2881 longo
1810 2797 2192 2877 horologium
2238 2816 2375 2854 cum
2412 2807 2581 2854 motu

146 2901 291 2964 solis
322 2917 704 2985 congrueret.
800 2904 1050 2965 Deinde
1094 2903 1548 2982 Ulyssz'pponem
1579 2900 1878 2979 navigans
1911 2895 2145 2954 invenit
2175 2893 2341 2973 quod
2372 2912 2584 2952 mense

129 3001 491 3061 >Novembri
535 3002 822 3081 proximo
882 3001 1273 3083 horologium
1343 3000 1576 3060 tardius
1635 2999 1751 3058 iret
1800 3015 1985 3075 quam
2044 2992 2227 3071 priuS,
2281 2990 2582 3050 existente

147 3096 494 3158 differentia
528 3099 586 3158 2'
625 3099 741 3176 13'‘
772 3100 833 3160 in
867 3100 1034 3161 horis
1070 3120 1163 3176 24.
1260 3099 1348 3158 Et
1384 3118 1597 3158 mense
1627 3095 1873 3156 Martio
1910 3103 2208 3171 sequente
2244 3088 2583 3149 Paraz'bam

148 3195 448 3276 navigans
511 3196 755 3257 invenit
815 3198 897 3258 ibi
959 3197 1347 3279 horologium
1407 3217 1586 3255 suum
1645 3193 1878 3253 tardius
1931 3191 2016 3250 ire
2064 3208 2249 3267 quam
2298 3185 2581 3255 Parisiis,

148 3293 453 3354 existente
512 3295 865 3356 differentia
923 3295 983 3372 4'
1044 3294 1157 3355 12''
1218 3295 1278 3354 in
1347 3293 1513 3354 horis
1577 3312 1667 3367 24.
1778 3290 1865 3349 Et
1928 3287 2191 3347 affirmat
2247 3281 2580 3363 pendulum

149 3390 229 3450 ad
290 3391 527 3453 minuta
584 3394 860 3454 secunda
918 3391 1204 3454 oscillans
1262 3391 1512 3451 brevius
1576 3389 1765 3448 fuisse
1842 3382 2229 3465 Ulysszjfiponz'
2279 3379 2452 3439 lineis
2514 3377 2583 3441 2}

54 3489 59 3495 ’
152 3488 212 3549 &
256 3490 552 3550 Paraiboe
591 3490 773 3552 lineis
822 3491 893 3569 3}
937 3512 1124 3570 quam
1169 3488 1455 3549 Parzkz'z'S.
1566 3485 1820 3546 Rectius
1864 3481 2171 3561 posuisset
2212 3474 2583 3536 differentias

42 3593 46 3596 ’
150 3606 288 3647 esse
340 3587 407 3652 1³¹1
454 3587 514 3648 &
563 3587 648 3653 2}-
746 3589 915 3650 Nam
967 3589 1065 3649 hae
1105 3586 1470 3648 differentiae
1515 3581 1874 3644 differentiis
1925 3592 2270 3655 temporum
2333 3570 2388 3631 2'
2453 3568 2578 3646 13''‚

152 3681 214 3744 Sc
270 3684 333 3760 4'
403 3684 519 3745 12⁰
570 3687 965 3766 respondent.
1077 3684 1497 3746 Crassioribus
1548 3681 1729 3761 hujus
1787 3672 2315 3739 observationibus
2381 3668 2580 3728 minus

157 3779 474 3843 fidendum
505 3797 615 3845 est.
