2852 4250
10 1512 47 1757 .,;,-.;ι““’ν,κτ’““
13 1352 42 1481 ης-ΰ,
23 1296 38 1309 ;ι
19 1262 23 1265 ”

1000 83 1237 131 LIBER
1272 83 1693 133 SECUNDUS.
2443 46 2561 171 349

8 288 11 291 >
68 207 102 325 Δί’
138 244 349 311 scribit
404 242 674 322 spatium
735 262 766 301 2
774 244 957 314 ,8066
1017 241 1370 322 digitorum,
1420 243 1479 303 81
1537 255 1816 322 tempore
1883 246 1937 304 1''
1978 248 2245 324 spatium
2303 267 2351 328 7,
2357 261 2561 330 44766

138 342 488 423 digitorum,
524 338 584 398 &
614 351 893 417 tempore
927 329 1028 415 25''
1056 360 1166 398 seu
1197 338 1647 400 oscillationum
1693 358 1771 417 50
1807 342 2073 419 spatium
2113 347 2226 403 186
2231 366 2406 420 ,191
2378 382 2407 423 5
2440 351 2559 428 dzg.

8 524 10 526 Ι
66 454 71 461 ·
140 438 536 501 Subducatur
564 435 834 514 spatium
889 455 909 493 1
923 438 1191 511 ,386294
1226 436 1295 507 F,
1328 458 1437 496 seu
1479 455 1699 512 1,9454
1742 437 1860 515 dtg
1895 437 1955 496 ἃ
1999 441 2271 520 maneblt
2299 457 2566 520 ΞΡὲῑῖΙῑΠΠ

47 563 57 621 ,κ
148 538 441 610 184‚2461
520 532 641 611 dzg.
720 531 889 610 quod
960 531 1184 611 globus
1256 532 1479 592 eodem
1552 545 1832 610 tempore
1904 533 1965 591 in
2045 557 2195 596 vase
2271 537 2567 602 latissimo

138 633 460 696 describet.
583 630 687 690 Ob
746 632 1097 710 angustiam
1149 631 1321 689 vasis
1382 631 1589 702 nostri,
1641 632 1950 690 minuatur
2007 632 2123 692 hoc
2180 637 2447 713 spatium
2507 639 2567 697 in

55 760 59 764 ’
139 732 377 793 ratione
435 750 575 808 quae
635 728 1024 806 componitur
1075 748 1154 786 ex
1211 726 1642 805 subduplicata
1700 728 1936 788 ratione
1995 730 2206 789 orificii
2264 733 2430 791 vasis
2489 735 2569 793 ad

123 847 462 903 ,excessum
535 825 716 905 hujus
789 824 1001 885 orificii
1074 845 1261 903 supra
1333 823 1780 884 semicirculum
1854 827 2190 886 maximum
2261 828 2446 908 globi,
2510 831 2570 891 81

139 922 398 1003 simplici
451 922 688 982 ratione
739 921 1020 1002 ejusdem
1078 920 1290 980 orificii
1350 921 1428 979 ad
1482 942 1804 980 excessum
1857 923 1989 1001 ejus
2037 945 2222 1001 supra
2280 926 2569 987 circulum

141 1026 478 1087 maximum
507 1022 712 1104 globi;
760 1022 820 1082 81
851 1021 1179 1081 habebitur
1207 1022 1477 1100 spatium
1518 1024 1735 1092 181‚86
1767 1022 2116 1102 digitorum,
2151 1026 2316 1102 quod
2347 1026 2570 1106 globus

142 1125 202 1185 in
233 1123 351 1183 hoc
381 1143 531 1182 vase
562 1134 840 1199 tempore
871 1118 1321 1180 oscillationum
1371 1138 1449 1195 50
1493 1119 1841 1179 describere
1886 1120 2100 1180 debuit
2129 1143 2241 1200 per
2269 1123 2568 1184 theoriam

140 1218 625 1300 quamproxime.
750 1217 1099 1295 Descripsit
1169 1238 1320 1276 vero
1379 1218 1646 1294 spatium
1716 1220 1823 1276 182
1902 1218 2234 1298 digitorum
2293 1233 2571 1299 tempore

139 1316 588 1380 oscillationum
620 1314 737 1391 49}
766 1313 865 1374 vel
903 1333 980 1391 50
1011 1336 1122 1394 per
1151 1315 1659 1393 experimentum.

249 1416 478 1493 Exper.
518 1431 568 1491 5.
618 1411 805 1472 Globi
851 1425 1117 1491 quatuor
1161 1412 1437 1491 pondere
1492 1428 1641 1492 1543
1665 1433 1854 1491 gran.
1891 1412 1951 1470 in
1989 1434 2131 1471 aere
2163 1412 2221 1471 &
2256 1413 2368 1477 2Ιέ
2386 1435 2569 1492 gran.

139 1515 202 1576 in
261 1534 424 1592 aqua
481 1532 651 1590 saepe
698 1510 951 1570 demissi
1004 1510 1311 1570 cadebant
1355 1522 1634 1588 tempore
1679 1508 2127 1569 oscillationum
2168 1509 2296 1583 283,
2334 1531 2425 1585 29,
2464 1510 2572 1584 29}

141 1610 201 1672 81
234 1606 329 1688 3ο,
362 1609 422 1669 81
458 1628 902 1687 nonnunquam
950 1627 1043 1684 31,
1081 1627 1153 1684 32
1206 1606 1266 1666 81
1314 1627 1407 1683 33,
1441 1606 1861 1666 describentes
1906 1605 2294 1667 altitudinem
2342 1607 2573 1685 pedum

142 1707 494 1789 quindecim
528 1705 587 1765 81
617 1705 953 1785 digitorum
985 1704 1264 1766 duorum.

257 1806 376 1866 Per
404 1804 706 1865 theoriam
747 1802 969 1863 cadere
1014 1802 1365 1861 debuerunt
1408 1814 1687 1880 tempore
1732 1800 2181 1862 oscillationum
2239 1823 2314 1878 29
2362 1824 2572 1882 quam-

143 1903 439 1984 proxime.

252 2001 481 2080 Exper.
517 2004 570 2060 6.
623 1997 811 2059 Globi
858 1998 1133 2078 quinque
1186 1998 1462 2077 pondere
1512 2005 1666 2069 212}
1698 2018 1884 2076 gran.
1944 1997 2004 2055 in
2064 2018 2205 2057 aere
2251 1997 2310 2057 81
2360 2009 2469 2074 792}-
2513 1999 2574 2058 in

142 2119 306 2178 aqua
362 2119 532 2177 saepe
590 2097 844 2157 demissi
897 2097 1204 2156 cadebant
1249 2109 1527 2174 ternpore
1575 2093 2021 2155 oscillationum
2076 2113 2162 2171 15,
2212 2095 2330 2171 15ἐ,
2375 2101 2460 2167 16,
2503 2114 2574 2172 17

142 2194 203 2255 81
284 2198 372 2266 18,
446 2195 868 2255 describentes
941 2194 1331 2254 altitudinem
1391 2193 1622 2272 pedum
1682 2191 2033 2270 quindecim
2110 2192 2169 2251 81
2241 2192 2574 2272 digitorum

143 2291 420 2354 duorum.

259 2391 378 2450 Per
420 2389 721 2450 theoriam
767 2389 989 2450 cadere
1033 2389 1383 2448 debuerunt
1427 2401 1706 2466 tempore
1755 2384 2203 2463 oscillationum
2259 2405 2324 2464 15
2361 2410 2572 2467 quam—

142 2488 437 2568 proxime.

254 2586 479 2664 Exper.
520 2601 568 2662 7.
621 2582 808 2645 Globi
841 2597 1107 2663 quatuor
1151 2582 1427 2662 pondere
1478 2597 1631 2662 293}
1648 2602 1836 2660 gran.
1874 2581 1934 2639 in
1980 2602 2121 2639 aere
2160 2580 2218 2639 81
2253 2601 2284 2657 3
2296 2598 2364 2661 5}
2382 2603 2569 2660 gran.

145 2683 206 2744 in
266 2704 430 2762 aqua
486 2704 656 2761 saepe
731 2682 984 2741 demissi
1055 2681 1361 2741 cadebant
1434 2692 1712 2758 tempore
1778 2677 2224 2738 oscillationum
2288 2695 2414 2759 293„
2479 2699 2572 2755 30,

149 2795 276 2861 3031„
313 2800 406 2857 31,
443 2799 516 2856 32
554 2779 613 2839 &
647 2799 740 2856 33.
774 2779 1198 2839 describentes
1236 2777 1623 2838 altitudinem
1669 2776 1899 2855 pedum
1932 2776 2283 2855 quindecim
2309 2777 2368 2835 81
2398 2777 2574 2857 digiti

144 2878 324 2937 unius
355 2899 494 2937 cum
525 2877 795 2939 semisse.

260 2975 379 3034 Per
422 2973 724 3034 theoriam
772 2973 995 3035 cadere
1042 2974 1392 3034 debuerunt
1439 2986 1718 3052 tempore
1767 2970 2214 3032 oscillationum
2249 2975 2324 3031 28
2367 2993 2577 3051 quam-

147 3073 442 3151 proxime.

258 3170 527 3230 Causam
572 3169 1008 3250 investigando
1052 3191 1161 3229 cur
1201 3168 1547 3250 globorum,
1582 3167 1861 3249 ejusdem
1908 3167 2199 3246 ponderis
2241 3166 2301 3225 81
2340 3166 2573 3245 magni-

143 3267 388 3337 tudinis,
421 3265 608 3346 aliqui
640 3267 818 3326 citius
863 3265 963 3326 alii
1009 3268 1244 3326 tardius
1289 3267 1597 3336 caderent,
1632 3266 1692 3324 in
1739 3264 1896 3323 hanc
1930 3264 2146 3334 incidi;
2194 3262 2360 3342 quod
2390 3262 2573 3341 globi,

147 3365 252 3424 ubi
299 3365 566 3443 primum
614 3364 1102 3424 demittebantur
1153 3364 1212 3424 81
1243 3365 1463 3424 cadere
1517 3362 1903 3442 incipiebant,
1939 3354 2305 3421 'oscillarent
2355 3360 2577 3418 circum

146 3473 370 3532 centra,
430 3460 622 3521 latere
682 3459 784 3521 illo
843 3460 1012 3539 quod
1071 3461 1230 3522 forte
1287 3462 1540 3542 gravius
1599 3472 1765 3520 esset
1822 3459 2087 3536 primum
2147 3455 2572 3525 descendente,

150 3557 211 3618 81
267 3571 506 3619 motum
563 3557 1001 3619 oscillatorium
1059 3572 1414 3640 generante.
1555 3558 1722 3617 Nam
1786 3577 1899 3634 per
1955 3552 2363 3614 oscillationes
2434 3573 2575 3610 suas

149 3654 372 3737 globus
445 3658 742 3738 majorem
816 3668 1053 3716 motum
1127 3655 1540 3716 communicat
1597 3674 1792 3733 aquae,
1848 3672 2034 3730 quam
2107 3650 2156 3708 si
2216 3650 2347 3707 sine
2404 3644 2573 3706 oscil-

150 3749 482 3813 lationibus
555 3752 1000 3822 descenderet;
1090 3751 1150 3812 81
1216 3750 1726 3811 communicando
1784 3748 2009 3808 amittit
2079 3757 2316 3823 partem
2375 3754 2577 3801 motus
