2846 4224
157 128 238 187 42
987 102 1105 153 DE
1137 103 1378 155 MOTU
1409 101 1717 155 CORPOR
1729 101 1854 153 ΠΜ

275 275 478 339 Corol.
519 294 571 336 2.
629 273 705 334 In
737 271 964 335 mediis
995 271 1188 334 etiam
1219 270 1676 343 resistentibuS,
1709 268 1763 330 si
1795 289 2086 330 arearum
2116 267 2462 351 descriptio
2491 291 2667 335 acce-

154 375 403 450 leratur,
464 374 695 437 virium
754 372 1134 435 directiones
1193 370 1515 435 declinant
1579 393 1620 432 a
1684 390 1992 432 concursu
2053 368 2374 435 radiorum
2448 393 2673 437 versus

155 475 436 561 plagam,
476 475 540 537 in
570 482 766 557 'quam
800 473 872 536 fit
901 486 1134 535 motuS.

1242 640 1581 704 Sclzolium.

2738 0 2846 359 Ἰ

2813 355 2846 423 1]

2837 426 2846 482 ἐ

277 799 515 884 Urgeri
546 810 760 880 potest
804 819 1032 879 corpus
1078 819 1117 859 a
1159 796 1225 859 vi
1272 796 1623 877 centripeta
1667 795 2022 877 composita
2066 817 2148 858 ex
2193 793 2479 878 pluribus
2523 797 2671 860 viri-
2750 811 2755 816 ’
2830 778 2846 810 ⁵³

159 903 294 965 buS.
423 901 498 962 In
545 900 666 962 hoc
710 921 858 961 casu
919 919 1146 961 sensus
1206 896 1659 978 propositionis
1720 909 1833 969 est,
1896 897 2071 979 quod
2116 898 2215 960 vis
2265 895 2371 960 illa
2415 919 2561 980 quae
2591 920 2674 962 ex

159 1000 455 1065 omnibus
486 999 901 1080 componitur,
935 998 1141 1061 tendit
1185 997 1267 1059 ad
1299 1009 1607 1078 punctum
1641 997 1707 1060 S.
1826 997 2024 1061 Porro
2054 999 2107 1060 si
2153 999 2252 1061 vis
2282 997 2496 1081 aliqua
2525 1012 2676 1084 agat

158 1115 471 1185 perpetuo
530 1100 884 1162 secundum
942 1098 1174 1161 lineam
1236 1097 1591 1180 superficiei
1651 1098 1988 1180 descriptae
2047 1098 2675 1182 perpendicularem;

159 1203 296 1264 haec
326 1202 514 1262 faciet
545 1199 615 1261 ut
663 1222 892 1282 corpus
930 1200 1306 1262 deflectatur
1342 1221 1381 1260 a
1425 1197 1619 1281 plano
1659 1199 1756 1261 sui
1799 1212 2052 1262 motus:
2099 1200 2214 1261 sed
2252 1201 2675 1282 quantitatem

157 1302 510 1385 superficiei
563 1301 900 1383 descriptae
946 1323 1063 1363 nec
1116 1301 1379 1384 augebit
1424 1322 1543 1364 nec
1587 1301 1847 1375 minuet,
1897 1299 1959 1362 &
2003 1314 2345 1383 propterea
2390 1301 2452 1363 in
2502 1322 2671 1364 com-

157 1404 474 1486 positione
504 1403 734 1465 virium
766 1400 1153 1486 negligenda
1184 1414 1297 1463 est.

486 1694 1127 1758 PROPOSITIO
1201 1695 1350 1758 ΙΙΙ.
1490 1694 2108 1758 THEOREMA
2182 1697 2331 1760 III.

163 1852 406 1933 Corpus
462 1873 651 1928 omne,
711 1851 882 1933 quod
931 1851 1113 1913 radio
1170 1851 1263 1912 ad
1325 1858 1610 1913 centrum
1681 1852 1957 1934 corporis
2027 1853 2295 1916 alterius
2365 1861 2679 1938 utcunque

244 1968 402 2030 moti
438 1969 617 2030 ducto
674 1968 961 2030 describit
1002 1989 1184 2029 areas
1226 1968 1392 2029 circa
1436 1975 1721 2030 centrum
1766 1968 1942 2030 illud
1978 1970 2356 2052 temporibus
2397 1978 2670 2052 propor-

244 2084 519 2160 tionaleS,
581 2091 852 2166 urgetur
899 2083 968 2145 vi
1006 2082 1335 2164 composita
1378 2105 1452 2143 ex
1508 2083 1579 2144 vi
1615 2084 1955 2165 centripeta
1998 2086 2275 2148 tendente
2312 2086 2405 2148 ad
2453 2095 2677 2168 corpus

244 2201 420 2262 illud
483 2202 778 2277 alterum,
844 2201 927 2266 (ἶς’
998 2222 1073 2261 ex
1142 2199 1211 2261 vi
1279 2200 1456 2261 omni
1522 2201 1945 2264 acceleratrice
2012 2225 2140 2285 qua
2211 2211 2435 2286 corpus
2505 2203 2684 2266 illud

243 2317 514 2378 alterum
544 2324 824 2398 urgetur.

275 2485 376 2547 Sit
406 2507 633 2567 corpus
665 2486 940 2567 primum
970 2485 1052 2559 L,
1089 2484 1151 2547 &
1192 2507 1422 2567 corpus
1468 2484 1738 2549 alterum
1796 2487 1863 2549 T
1871 2514 1890 2551 .-
1938 2487 2000 2550 &
2035 2487 2176 2572 (per
2218 2487 2434 2574 legum
2480 2487 2669 2554 corol.

160 2584 271 2669 vi.)
307 2586 358 2647 si
390 2586 454 2647 vi
501 2608 684 2659 nova,
719 2608 864 2668 quae
916 2585 1180 2668 aequalis
1228 2586 1291 2648 ἃ
1336 2588 1649 2649 contraria
1693 2588 1777 2651 sit
1821 2587 1922 2663 illi,
1957 2611 2086 2671 qua
2130 2612 2359 2672 corpus
2404 2588 2674 2653 alterum

176 2686 240 2745 T
281 2699 556 2769 urgetur,
611 2701 912 2770 urgeatur
964 2710 1192 2770 corpus
1253 2702 1597 2771 utrumque
1645 2690 1997 2752 secundum
2050 2690 2250 2754 lineas
2302 2690 2675 2774 parallelas;

159 2799 384 2868 perget
424 2808 651 2867 corpus
703 2788 975 2868 primum
1027 2790 1090 2851 L
1145 2790 1507 2853 describere
1558 2792 1722 2854 circa
1769 2815 1998 2874 corpus
2050 2792 2320 2857 alterum
2386 2795 2452 2856 T
2491 2817 2674 2858 areas

153 2885 413 2947 easdem
444 2908 518 2947 ac
561 2887 776 2967 prius:
822 2890 922 2950 vis
967 2905 1198 2965 autem,
1248 2914 1376 2974 qua
1431 2914 1662 2974 corpus
1707 2891 1976 2956 alterum
2034 2895 2101 2956 T
2133 2896 2494 2979 urgebatur,
2532 2896 2672 2979 jam

152 2984 515 3048 destruetur
558 3009 673 3068 per
715 2989 847 3049 vim
893 2991 1012 3052 sibi
1059 2991 1374 3074 aequalem
1422 2992 1485 3055 ἃ
1530 2995 1948 3071 contrariam;
2019 2995 2081 3057 &
2125 3008 2468 3078 propterea
2531 2995 2673 3080 (per

150 3083 270 3168 leg.
314 3084 392 3168 1.)
433 3108 662 3167 corpus
709 3086 860 3149 illud
906 3089 1174 3154 alterum
1233 3094 1298 3155 T
1331 3094 1590 3157 sibimet
1636 3096 1755 3177 ipsi
1792 3097 1929 3180 jam
1975 3095 2263 3160 relictum
2308 3095 2411 3160 vel
2459 3097 2668 3180 quies-

150 3199 266 3259 cet,
328 3185 432 3248 vel
493 3188 854 3251 movebitur
911 3193 1308 3257 uniformiter
1359 3196 1422 3257 in
1476 3196 1830 3260 directum:
1878 3197 1941 3259 &
1993 3220 2223 3280 corpus
2275 3198 2553 3281 primum
2602 3198 2668 3260 L

152 3300 422 3371 urgente
482 3288 839 3351 differentia
897 3293 1144 3369 virium,
1194 3296 1258 3357 id
1305 3310 1421 3374 est,
1455 3311 1727 3382 urgente
1771 3299 1836 3361 vi
1898 3297 2143 3381 reliqua
2199 3312 2428 3384 perget
2485 3321 2668 3362 areas

150 3389 542 3471 temporibus
575 3391 1077 3471 proportionales
1123 3397 1287 3459 circa
1318 3420 1548 3480 corpus
1588 3398 1859 3462 alterum
1913 3401 1978 3461 T
1997 3400 2372 3463 describere.
2490 3400 2664 3463 Ten-

145 3487 240 3549 dit
282 3488 473 3571 igitur
506 3487 646 3572 (per
689 3489 886 3554 theor.
946 3493 1067 3578 11.)
1116 3496 1474 3561 differentia
1516 3499 1747 3562 virium
1792 3501 1876 3564 ad
1922 3524 2152 3585 corpus
2198 3500 2352 3564 illud
2395 3499 2667 3565 alterum

157 3588 222 3649 T
240 3601 311 3649 ut
341 3600 643 3651 centrum.
741 3590 1013 3665 Q.E.D.

263 3688 468 3753 Corol.
514 3710 561 3751 1.
662 3690 838 3753 Hinc
897 3693 951 3753 si
1012 3715 1240 3777 corpus
1300 3719 1499 3760 unum
1559 3702 1620 3762 L
1671 3702 1852 3766 radio
1912 3703 1996 3766 ad
2040 3701 2311 3766 alterum
2369 3703 2435 3766 T
2467 3702 2663 3765 ducto

140 3787 441 3850 describit
470 3810 651 3851 areas
682 3793 1074 3872 temporibus
1111 3798 1618 3878 proportionales
1645 3826 1658 3877 ;
1705 3817 1901 3886 atque
1933 3804 2017 3867 de
2047 3804 2113 3866 vi
2146 3816 2282 3867 tota
2316 3802 2478 3888 (sive
2507 3803 2656 3865 sim-

140 3887 300 3969 plici,
365 3889 501 3952 sive
555 3913 636 3952 ex
695 3892 935 3954 viribus
982 3892 1265 3975 pluribus
1324 3899 1513 3980 juxta
1572 3900 1786 3985 legum
1847 3902 2244 3968 corollarium
2305 3903 2661 3968 secundum
