2846 4224
985 122 991 128 '
1097 110 1336 160 LIBER
1367 106 1676 162 PRIMUS.
1733 147 1737 149 -
1764 147 1783 149 »
2253 170 2270 185 ἱ
2518 130 2594 204 83

62 319 79 335 -.
170 272 557 356 applicentur
598 266 774 332 crura
815 266 1180 343 BAgCA,
1207 273 1407 351 primo
1450 272 1531 332 ad
1575 269 1872 352 punctum
1903 277 1987 346 D,
2021 277 2247 339 deinde
2297 284 2376 342 ad
2409 298 2596 363 punc-2

14 383 18 418 s
170 386 304 435 tum
346 371 424 442 P,
459 369 520 430 8(
564 381 857 430 notentur
898 381 1128 447 puncta
1169 369 1267 439 M
1299 369 1385 428 N
1422 369 1483 428 in
1528 370 1754 449 quibus
1806 371 2000 432 altera
2051 395 2227 435 crura
2268 378 2426 450 BL,
2467 384 2593 443 CL

23 468 61 556 ἑ
171 492 316 532 casu
345 480 609 546 utroque
638 487 708 526 se
742 465 1087 528 decussant.
1207 465 1456 546 Agatur
1498 479 1665 527 recta
1709 467 1946 528 infinita
1988 449 2184 542 MN,
2219 473 2280 533 8(
2323 488 2599 540 rotentur

167 564 377 648 anguli
421 563 504 625 illi
549 561 808 624 mobiles
859 564 1086 623 circum
1137 561 1314 643 polos
1357 586 1504 625 suos
1546 566 1625 636 B,
1665 566 1729 636 C,
1761 586 1837 625 ea
1877 563 2018 647 lege
2060 581 2130 628 ut
2158 591 2401 632 crurum
2430 576 2594 648 BL,

173 665 306 728 CL
351 660 451 724 vel
495 663 561 721 B
586 662 684 733 M
744 662 907 722 CM
946 661 1312 731 intersectio,
1367 682 1509 740 quae
1545 663 1676 743 jam
1722 663 1802 722 sit
1845 685 1921 735 m,
1970 664 2199 726 incidat
2243 689 2491 748 semper
2534 673 2594 732 in

169 774 398 824 rectam
450 757 614 819 illam
667 758 968 818 infinitam
1018 758 1115 817 M
1124 758 1244 829 Ν,·
1295 757 1356 818 &
1399 780 1643 819 crurum
1687 760 1861 832 BA,
1915 762 2069 833 CA,
2116 762 2215 824 vel
2259 767 2422 838 BD,
2461 769 2518 829 C
2527 771 2598 829 D

125 870 131 875 '
168 857 533 928 intersecti0‚
566 878 708 936 quae
728 857 860 938 jam
891 857 972 917 sit
1013 857 1068 929 d,
1100 856 1513 937 trajectoriam
1558 857 1883 936 quaesitam
1913 859 1977 917 P
1996 860 2064 918 A
2088 860 2159 918 D
2178 861 2228 920 d
2235 862 2301 921 B
2329 862 2594 926 delinea-

169 958 273 1020 bit.
395 956 564 1017 Nam
605 968 906 1036 punctum
949 955 998 1016 d
1039 954 1174 1037 (per
1215 952 1354 1016 lem.
1403 953 1559 1033 XXI.)
1610 955 1926 1036 continget
1956 958 2291 1021 sectionem
2322 964 2596 1024 conicam

157 2703 272 2764 per
298 2695 528 2764 puncta
555 2683 634 2755 B,
673 2682 730 2743 C
758 2692 1214 2754 transeuntem;
1261 2679 1322 2741 8(
1365 2680 1469 2741 ubi
1515 2692 1812 2761 punctum
1856 2703 1919 2741 m
1961 2680 2199 2742 accedit
2241 2681 2321 2741 ad
2366 2692 2596 2760 puncta

160 2780 240 2854 L,
271 2782 371 2855 M,
401 2783 494 2855 Ν,
529 2792 826 2862 punctum
856 2779 906 2839 d
933 2767 1068 2860 (per
1111 2778 1654 2860 constructionem)
1689 2779 1942 2840 accedet
1971 2780 2050 2840 ad
2081 2792 2311 2860 puncta
2338 2779 2406 2839 A
2430 2780 2591 2840 DF.

164 2877 567 2950 Describetur
610 2880 818 2959 itaque
862 2877 1054 2938 sectio
1098 2878 1312 2939 conica
1355 2876 1660 2938 transiens
1696 2898 1808 2957 per
1834 2890 2064 2957 puncta
2094 2878 2367 2958 quinque
2395 2877 2485 2949 A,
2516 2877 2595 2947 B,

155 2978 232 3053 C,
260 2979 340 3053 P,
368 2981 454 3043 D.
549 2979 624 3055 Q.
651 2979 732 3039 E.
760 2977 834 3038 F.
2599 3035 2601 3037 ,

180 3143 188 3147 ,
290 3077 487 3140 Corol.
544 3098 591 3138 1.
647 3074 819 3136 Hinc
890 3085 1058 3134 recta
1126 3072 1419 3153 expedite
1477 3071 1618 3132 duci
1691 3084 1912 3151 potest,
1975 3095 2117 3153 quae
2188 3072 2597 3155 trajectoriam

160 3175 485 3256 quaesitam
515 3174 578 3236 in
607 3171 1093 3254 puncto-quovis
1124 3171 1272 3232 dato
1300 3171 1366 3230 B
1395 3170 1727 3252 continget.
1820 3171 2103 3233 Accedat
2124 3178 2420 3252 punctum
2450 3171 2500 3230 d
2519 3168 2599 3229 ad

158 3285 456 3353 punctum
483 3273 564 3346 B,
598 3272 659 3333 8(
688 3282 857 3332 recta
883 3273 949 3332 B
968 3271 1019 3331 d
1039 3269 1269 3332 evadet
1298 3281 1563 3350 tangens
1595 3267 1872 3348 quaesita.

204 3401 209 3406 ·
279 3371 475 3434 Corol.
527 3391 580 3433 2.
633 3369 843 3431 Unde·
887 3369 1076 3430 etiam
1134 3368 1621 3450 trajectoriarum
1674 3378 1899 3438 centra,
1953 3366 2236 3428 diametri
2298 3365 2358 3426 8(
2409 3363 2599 3425 latera

164 3479 333 3553 recta
359 3467 620 3532 inveniri
649 3479 930 3550 possunt,
948 3480 1032 3529 .ut
1061 3466 1123 3527 in
1154 3464 1475 3528 corollario
1505 3464 1782 3526 secundo
1810 3463 2118 3525 lemmatis
2149 3484 2280 3525 XIX.

0 3282 8 3366 l

0 3454 7 3561 {t

0 3573 9 3707 i
1212 3607 1544 3668 Scholz'um.
1579 3656 1582 3658 .

183 3753 193 3760 ·
274 3719 667 3783 Constructio
696 3722 864 3802 prior
885 3721 1114 3782 evadet
1143 3718 1328 3801 paulo
1356 3717 1692 3798 simplicior
1709 3714 2036 3798 jungendo
2063 3715 2211 3786 BP,
2246 3713 2306 3773 8(
2336 3713 2397 3772 in
2428 3732 2515 3781 ea,
2548 3709 2599 3769 si

0 3713 30 4224 l
163 3827 323 3896 Opus
353 3823 491 3892 est,
539 3819 847 3899 producta
897 3818 1202 3901 capiendo
1250 3819 1317 3878 B
1317 3826 1384 3898 p
1425 3817 1507 3877 ad
1555 3817 1704 3876 BP
1748 3826 1818 3874 ut
1867 3824 1965 3874 est
2011 3810 2270 3871 PR-ad
2310 3810 2377 3868 -P
2403 3808 2503 3878 T:
2539 3806 2602 3866 8(

101 4123 151 4224 '22
