2846 4224
1077 107 1316 155 LIBER
1348 106 1658 158 PRIMUS.
1969 148 1971 150 ,
2474 133 2588 193 107

155 270 502 333 inferiorem
553 279 927 348 potestatem
979 267 1188 329 reduci
1240 268 1476 347 possit:
1529 289 1719 329 curva
1769 290 1894 330 non
1945 272 2078 331 erit*
2105 273 2300 346 unica,
2346 276 2459 336 sed
2507 286 2588 338 ex

155 367 396 430 duabus
446 363 548 426 vel
598 363 875 444 pluribus
922 364 1281 444 composita,
1335 385 1597 444 quarum
1649 365 2112 428 intersectiones
2170 390 2281 448 per
2329 370 2591 433 calculos

156 466 436 527 diversos
493 462 751 523 seorsim
812 462 1073 523 inveniri
1131 474 1409 541 possunt.
1510 461 1619 521 Ad
1671 464 1940 524 eundem
1998 453 2253 526 modum
2305 468 2589 530 intersec-

156 565 356 626 tiones
398 562 563 622 binae
606 574 910 621 rectarum
956 561 1017 621 &
1059 560 1403 620 sectionum
1454 559 1803 619 conicarum
1848 562 2155 640 prodeunt
2197 585 2443 643 semper
2485 587 2595 644 per

156 661 536 742 aequationes
609 659 870 718 duarum
942 657 1417 727 dimensionum,
1493 669 1686 716 ternae
1760 672 2063 719 rectarum
2137 660 2197 720 &
2269 683 2593 722 curvarum

157 755 629 820 irreducibilium
702 756 900 815 tertiae
973 754 1298 834 potestatis
1371 775 1483 833 per
1552 755 1933 832 aequationes
2005 757 2203 828 trium,
2278 771 2593 837 quaternae

127 863 458 917 'rectarum
490 853 550 913 &
580 874 905 912 curvarum
938 850 1413 912 irreducibilium
1445 863 1681 930 quartae
1718 854 2041 930 potestatis
2075 876 2188 933 per
2215 856 2595 935 aequationes

157 951 611 1014 dimensionum
664 963 943 1030 quatuor,
999 949 1074 1009 δι’
1110 950 1197 1009 sic
1245 950 1306 1008 in
1360 949 1681 1009 infinitum.
1784 949 1958 1030 Ergo
2010 964 2192 1011 rectae
2245 952 2306 1012 ἃ
2354 952 2595 1032 spiralis

161 1051 624 1113 intersectiones
648 1070 907 1109 numero
938 1047 1208 1119 infinitae,
1242 1069 1382 1107 cum
1414 1068 1602 1107 curva
1632 1047 1766 1107 haec
1795 1047 1875 1107 sit
1904 1047 2168 1127 simplex
2200 1049 2259 1109 &
2290 1050 2351 1109 in
2375 1072 2594 1112 curvas

157 1147 363 1229 plures
421 1144 837 1217 irreducibiliS,
892 1146 1212 1225 requirunt
1269 1146 1653 1225 aequationes
1706 1166 1963 1207 numero
2021 1133 2475 1209 dimensionum
2535 1150 2595 1210 8z

158 1247 428 1308 radicum
480 1245 764 1316 infinitas,
815 1244 1039 1324 quibus
1092 1244 1558 1305 intersectiones
1609 1264 1826 1304 omnes
1879 1258 2140 1323 possunt
2189 1245 2370 1305 simul
2422 1248 2592 1307 exhi-

155 1345 301 1406 beri.
396 1344 516 1404 Est
546 1343 711 1404 enim
742 1342 964 1403 eadem
995 1343 1271 1404 omnium
1302 1341 1404 1403 lex
1435 1342 1495 1402 &
1526 1343 1690 1403 idem
1722 1339 2003 1402 calculus,
2100 1343 2268 1402 Nam
2304 1345 2355 1404 si
2385 1367 2422 1404 a
2451 1345 2596 1424 polo

156 1443 218 1503 in
262 1454 492 1503 rectam
537 1440 702 1501 illam
746 1453 1061 1501 secantem
1106 1440 1467 1500 demittatur
1518 1439 2039 1520 perpendiculum,
2088 1441 2148 1501 &
2191 1444 2594 1521 perpendicu-

148 1538 282 1600 -lum
334 1538 481 1599 illud
529 1560 652 1598 una
709 1560 849 1598 cum
907 1551 1157 1598 secante
1216 1537 1572 1599 revolvatur
1629 1539 1787 1598 circa
1844 1537 2071 1617 polum,
2134 1540 2596 1602 intersectiones

155 1634 393 1716 spiralis
425 1636 771 1696 transibunt
815 1636 877 1695 in
921 1657 989 1695 se
1034 1649 1264 1707 mutuo,
1297 1658 1565 1716 quaeque
1601 1637 1799 1716 prima
1828 1650 1959 1695 erat
1989 1623 2096 1697 seu
2129 1639 2424 1716 proxima,
2457 1653 2599 1718 post

155 1755 341 1795 unam
393 1732 842 1794 revolutionem
894 1733 1167 1793 secunda
1218 1734 1348 1805 erit,
1395 1747 1539 1813 post
1581 1734 1737 1793 duas
1783 1735 1976 1806 tertia,
2025 1735 2086 1795 ἃ
2128 1736 2215 1795 sic
2259 1737 2596 1817 deinceps:

155 1852 268 1892 nec
312 1831 546 1892 interea
589 1831 925 1891 mutabitur
968 1831 1236 1910 aequatio
1283 1832 1397 1891 nisi
1442 1854 1555 1911 pro
1600 1845 1836 1892 mutata
1879 1834 2304 1914 magnitudine
2356 1836 2596 1914 quanti-

155 1942 350 1990 tatum
381 1951 493 2009 per
522 1951 676 2008 quas
707 1929 934 2008 positio
964 1930 1229 1989 secantis
1259 1929 1719 1990 determinatur.
1820 1930 2008 1991 Unde
2045 1953 2184 1991 cum
2223 1933 2597 2011 quantitates

156 2026 274 2088 illae
334 2040 476 2106 post
532 2026 807 2107 singulas
868 2025 1285 2087 revolutiones
1354 2027 1615 2087 redeunt
1680 2027 1759 2086 ad
1826 2029 2284 2108 magnitudines
2350 2031 2593 2108 primaS‚

157 2125 424 2204 aequatio
455 2124 678 2184 redibit
708 2125 788 2183 ad
819 2124 1080 2184 formam
1111 2124 1388 2202 primam,
1424 2125 1691 2203 ideoque
1735 2145 1858 2183 una
1901 2124 2246 2204 eademque
2282 2127 2598 2187 exhibebit

157 2223 621 2284 intersectiones
673 2243 906 2294 omnes
956 2222 1015 2282 &
1059 2235 1388 2301 propterea
1432 2223 1668 2282 radices
1713 2222 1965 2282 habebit
2009 2244 2264 2284 numero
2310 2224 2593 2296 infinitaS,

157 2322 380 2401 quibus
425 2342 642 2382 omnes
687 2320 965 2381 exhiberi
1016 2332 1294 2399 possunt.
1412 2320 1651 2399 Nequit
1702 2341 1852 2400 ergo
1904 2320 2254 2403 intersectio
2301 2335 2483 2383 rectae
2537 2324 2596 2383 &

157 2417 396 2498 spiralis
440 2439 552 2497 per
595 2418 1011 2497 aequationem
1055 2417 1291 2477 finitam
1334 2416 1705 2498 generaliter
1748 2418 2024 2494 inveniri,
2072 2418 2132 2478 8ῑ
2163 2420 2387 2481 idcirco
2432 2420 2598 2480 nulla

157 2529 328 2578 extat
384 2514 580 2577 ovalis
639 2516 812 2596 cujus
870 2536 1030 2586 area,
1084 2515 1266 2574 rectis
1312 2515 1626 2593 imperatis
1671 2506 1957 2586 abscissa,
2011 2517 2207 2594 possit
2249 2539 2362 2597 per
2411 2517 2597 2578 talem

157 2615 570 2694 aequationem
599 2611 970 2695 generaliter
998 2612 1290 2673 exhiberi.

273 2712 519 2773 Eodem
578 2724 961 2793 argumento,
1024 2711 1076 2770 si
1137 2708 1526 2770 intervallum
1586 2709 1710 2789 poli
1771 2711 1830 2771 &
1888 2713 2114 2790 puncti,
2176 2734 2300 2792 quo
2358 2712 2599 2792 spiralis

158 2809 534 2880 describitur,
569 2810 845 2888 capiatur
883 2807 1100 2869 Ovalis
1137 2809 1470 2887 perimetro
1514 2808 1804 2868 abscissae
1849 2809 2321 2888 proportionale,
2353 2812 2598 2891 probari

160 2919 373 2987 potest
430 2907 597 2987 quod
657 2906 983 2988 longitudo
1041 2907 1355 2986 perimetri
1429 2906 1645 2985 nequit
1710 2927 1823 2985 per
1885 2907 2121 2967 finitam
2185 2910 2599 2988 aequationem

159 3004 530 3086 generaliter
558 3005 851 3066 exhiberi.
949 3006 1050 3065 De
1081 3003 1363 3065 ovalibus
1394 3015 1601 3063 autem
1633 3003 1730 3063 hic
1761 3003 1980 3085 loquor
2008 3027 2149 3086 quae
2181 3028 2304 3068 non
2336 3021 2596 3090 tangun-

161 3115 260 3162 tur
284 3125 322 3163 a
351 3103 561 3184 figuris
592 3103 937 3185 conjugatis
970 3103 1030 3162 in
1065 3102 1368 3162 infinitum
1399 3101 1817 3181 pergentibus

1162 3265 1593 3327 Corollarz'um.

283 3391 454 3452 Hinc
511 3415 656 3454 area
713 3394 1016 3475 ellipseOS‚
1079 3416 1221 3474 quae
1281 3394 1454 3454 radio
1511 3394 1592 3453 ab
1650 3391 1939 3454 umbilico
1982 3393 2062 3453 ad
2108 3414 2329 3473 corpus
2374 3392 2599 3455 mobile

161 3487 349 3550 ducto
391 3489 768 3563 describitur,
803 3513 926 3553 non
972 3492 1195 3572 prodit.
1222 3514 1302 3552 ex
1345 3492 1493 3552 dato
1538 3504 1832 3571 tempore,
1864 3513 1977 3571 per
2011 3493 2423 3571 aequationem
2465 3491 2595 3550 fini-

163 3598 324 3659 tam;
358 3586 417 3647 &
446 3602 772 3668 propterea
802 3612 913 3670 per
941 3591 1418 3671 descriptionem
1448 3612 1773 3651 curvarum
1802 3591 2177 3671 geometrice
2213 3587 2597 3650 rationalium

163 3682 554 3758 determinari
600 3689 826 3767 nequit.
943 3689 1184 3749 Curvas
1234 3690 1609 3770 geometrice
1658 3687 1984 3750 rationales
2036 3686 2280 3766 appello
2338 3706 2594 3766 quarum

163 3795 388 3859 puncta
439 3785 645 3845 omnia
697 3808 807 3866 per
857 3785 1275 3867 longitudines
1329 3787 1778 3865 aequationibus
1838 3786 2138 3854 definitas
2203 3785 2262 3843 id
2322 3796 2430 3852 est,
2486 3803 2596 3860 per
