2846 4250
1160 129 1400 178 LIBER
1440 129 1776 181 TERTIUS.
1909 99 1914 103 ’
2186 200 2190 203 ¹
2575 148 2698 205 499

247 304 383 354 erat
408 291 444 359 ὲ
477 317 520 371 γ
538 289 586 366 ὃ,
617 304 727 354 aut
753 290 942 372 paulo
984 293 1200 364 minor,
1233 303 1386 372 puta
1413 291 1482 358 ἧς
1510 317 1553 370 γ
1577 290 1625 366 ὃ,
1660 291 1721 352 81
1750 291 2260 372 perpendiculum
2290 294 2629 354 demissum
2659 316 2698 355 a

246 387 426 450 stella
453 387 488 447 ὃ
513 389 595 451 ad
623 403 856 451 rectam
889 414 932 467 γ
952 391 1020 451 Y
1031 389 1289 471 aequalis
1319 389 1503 455 erat}
1521 415 1564 467 γ
1587 388 1620 447 δ
1648 389 1749 452 vel
1768 391 1803 455 ἦ
1821 415 1863 468 γ
1887 389 1919 447 ὃ
1948 391 2200 452 circiter.
2249 413 2254 419 ·
2291 383 2423 452 Sed
2454 405 2698 455 cometa

245 487 330 549 ob
371 488 662 549 viciniam
706 487 1043 550 horizontis
1088 489 1254 550 cerni
1298 489 1407 549 vix
1451 489 1668 568 potuit,
1715 510 1829 550 nec
1875 487 2046 550 locus
2085 489 2218 570 ejus
2250 501 2378 549 tam
2408 489 2696 551 distincte

244 606 319 646 ac
347 585 411 646 in
449 586 953 666 praecedentibus
982 588 1240 649 definiri.

360 682 465 743 Ex
522 682 877 764 hujusmodi
935 685 1476 747 observationibus
1526 707 1640 765 per
1689 686 2175 747 constructiones
2235 687 2570 768 figurarum
2630 688 2691 748 &

242 781 738 860 computationes
768 783 1131 844 derivabam
1161 781 1582 863 longitudines
1614 783 1674 843 &
1704 782 2060 844 latitudines
2091 798 2369 860 cometae,
2398 785 2458 846 &
2480 786 2691 846 Poun-

133 915 139 920 -
241 877 384 939 dius
426 892 638 940 noster
679 902 760 941 ex
803 882 1094 943 correctis
1143 881 1405 941 fixarum
1454 881 1603 942 locis
1651 881 1785 942 loca
1828 894 2088 943 cometae
2135 883 2415 955 correxit,
2450 884 2510 944 &
2556 883 2691 945 loca

243 991 517 1039 correcta
546 978 855 1041 habentur
882 1001 1085 1060 supra.
1183 980 1586 1040 Micrometro
1618 1001 1834 1059 parum
1879 980 2110 1040 affabre
2155 995 2507 1044 constructo
2542 1004 2690 1043 usus

242 1098 397 1150 sum,
446 1079 559 1139 sed
611 1072 1069 1161 longitudinum
1118 1092 1327 1139 tamen
1381 1078 1442 1139 &
1492 1078 1884 1139 latitudinum
1938 1101 2175 1139 errores
2232 1078 2563 1159 (quatenus
2611 1103 2690 1141 ex

241 1176 781 1239 observationibus
812 1178 1039 1239 nostris
1071 1163 1369 1258 oriantur)
1398 1177 1703 1236 minutum
1735 1198 1925 1236 unum
1949 1178 2215 1256 primum
2239 1178 2346 1238 vix
2375 1193 2684 1259 superant.

244 1274 510 1336 Cometa
539 1289 747 1337 autem
783 1276 1000 1358 (juxta
1029 1276 1497 1338 observationes
1543 1276 1809 1355 nostras)
1861 1276 1921 1335 in
1964 1276 2086 1336 fine
2131 1288 2336 1336 motus
2379 1278 2474 1337 sui
2519 1289 2691 1338 nota-

242 1371 447 1434 biliter
473 1374 805 1436 deflectere
835 1375 1026 1455 coepit
1054 1375 1307 1435 boream
1340 1395 1557 1434 versus
1588 1395 1626 1432 a
1655 1371 1948 1452 parallelo
1979 1395 2164 1453 quem
2198 1375 2256 1433 in
2291 1374 2413 1435 fine
2458 1376 2686 1436 mensis
2714 1425 2718 1430 .

241 1472 583 1532 Februarii
616 1485 914 1533 tenuerat.
2413 1457 2420 1462 Ι

333 1570 499 1649 ,Jam
529 1570 610 1630 ad
642 1571 857 1631 orbem
889 1582 1149 1632 cometae
1181 1569 1756 1641 determinandum;
1804 1567 1995 1650 selegi
2042 1592 2119 1630 ex
2157 1571 2692 1632 observationibus
2769 1585 2773 1589 '

242 1667 541 1728 hactenus
586 1668 913 1748 descriptis
958 1681 1101 1743 tres,
1135 1689 1290 1748 quas
1322 1667 1735 1727 Flamstedz'us
1779 1666 1994 1726 habuit
2037 1668 2175 1727 Dec.
2217 1688 2309 1738 21,
2346 1668 2507 1742 Jcm.
2549 1689 2598 1746 5,
2634 1671 2693 1730 &

243 1765 407 1841 Jan.
461 1783 553 1844 25.
650 1766 752 1826 Ex
797 1766 894 1826 his
947 1766 1157 1826 inveni
1211 1766 1310 1826 St
1360 1765 1626 1845 partium
1681 1767 1900 1839 9842‚1
1964 1763 2023 1823 &
2080 1764 2183 1823 Vt
2233 1768 2498 1845 partium
2551 1787 2690 1846 455,

241 1862 456 1943 quales
497 1884 698 1926 10000
728 1878 875 1926 sunt
905 1865 1368 1926 semidiameter
1396 1864 1563 1925 orbis
1611 1863 1835 1943 magni.
1931 1862 2096 1922 Tum
2143 1864 2222 1923 ad
2269 1866 2691 1944 operationem

240 1967 503 2046 primam
551 1967 929 2028 assumendo
971 1967 1084 2027 tB
1130 1966 1397 2046 partium
1434 1970 1614 2042 5657,
1647 1964 1855 2024 inveni
1906 1963 1961 2022 S
1976 1965 2040 2022 B
2085 1982 2266 2040 9747,
2300 1966 2454 2023 BE
2495 1966 2693 2044 prima

241 2064 376 2126 vice
420 2085 560 2141 412,
595 2066 703 2133 Su
742 2084 924 2143 9503,
959 2066 1036 2126 ίλ
1083 2085 1247 2142 413:
1293 2064 1447 2123 BE
1489 2062 1763 2123 secunda
1808 2062 1943 2122 vice
1988 2083 2129 2138 421,
2168 2065 2316 2123 OD
2369 2067 2584 2138 10186,
2623 2065 2686 2124 X

243 2166 470 2242 8528,4
522 2165 691 2224 MP
743 2168 923 2242 8450,
980 2163 1164 2224 MN
1214 2159 1396 2239 8475,
1451 2163 1614 2222 NP
1669 2180 1762 2239 25.
1884 2162 2076 2222 Unde
2134 2163 2212 2221 ad
2267 2164 2688 2242 operationem

239 2261 576 2323 secundam
637 2261 856 2344 collegi
917 2262 1275 2322 distantiam
1328 2261 1409 2320 tb
1466 2266 1642 2338 5640.
1764 2260 1849 2319 Et
1900 2281 2012 2338 per
2062 2260 2219 2320 hanc
2270 2262 2691 2340 operationem
2766 2340 2769 2343 Ι
2831 2283 2835 2287 ’

241 2360 450 2421 inveni
482 2360 735 2421 tandem
768 2361 1096 2421 distantias
1137 2360 1289 2419 TX
1318 2378 1479 2436 4775
1517 2359 1576 2418 &
1607 2359 1729 2418 τΖ
1766 2378 1978 2435 11322.
2076 2358 2177 2416 Ex
2209 2359 2431 2437 quibus
2477 2360 2691 2420 orbem

239 2459 612 2531 definiendO,
649 2459 858 2520 inveni
905 2459 1104 2519 nodos
1149 2458 1282 2539 ejus
1328 2457 1812 2518 descendentem
1862 2456 2015 2514 incas
2052 2455 2111 2515 &
2158 2458 2596 2538 ascendentem
2631 2459 2690 2517 in

248 2571 297 2626 VS
360 2568 445 2618 ΙΨ·
482 2558 615 2636 53';
662 2557 1122 2619 inclinationem
1170 2555 1334 2636 plani
1383 2556 1516 2636 ejus
1548 2555 1627 2614 ad
1682 2553 1934 2633 planum
1980 2553 2276 2633 eclipticae
2331 2559 2462 2614 613¹·
2504 2555 2688 2627 20’ὲ;

241 2655 535 2717 verticem
566 2657 699 2737 ejus
736 2655 869 2736 (seu
901 2654 1267 2735 perihelium
1300 2656 1584 2732 cometae)
1628 2654 1858 2712 distare
1903 2675 1939 2712 a
1986 2652 2150 2712 nodo
2184 2655 2273 2711 8²⁶³*
2310 2652 2425 2729 38',
2461 2653 2519 2713 82
2551 2676 2687 2714 esse

244 2755 304 2814 in
328 2763 512 2832 127³*
546 2754 648 2832 43'
686 2776 826 2815 cum
857 2753 1182 2815 latitudine
1213 2752 1464 2814 australi
1506 2763 1593 2830 7²³¹·
1630 2752 1730 2830 34'
1753 2778 1762 2824 ;
1812 2752 1870 2812 &
1919 2753 2050 2832 ejus
2098 2751 2257 2811 latus
2291 2767 2522 2812 rectum
2555 2775 2691 2814 esse

244 2856 441 2931 236‚8,
495 2875 830 2934 areamque
883 2853 1056 2914 radio
1108 2852 1189 2912 ad
1249 2851 1444 2913 solem
1498 2852 1686 2912 ducto
1738 2849 1994 2931 singulis
2046 2850 2265 2910 diebus
2317 2851 2690 2931 descriptam

242 2955 466 3030 93585,
499 2953 805 3033 quadrato
835 2950 1279 3012 semidiametri
1312 2951 1479 3011 orbis
1526 2951 1734 3031 magni
1780 2950 1984 3029 posito
2040 2970 2441 3022 10000000ος
2489 2972 2688 3010 come-

241 3053 572 3125 tamfvero
625 3052 686 3112 in
746 3051 864 3113 hoc
922 3051 1073 3112 orbe
1132 3050 1474 3111 secundum
1529 3050 1750 3110 seriem
1811 3049 2130 3129 signorum
2179 3049 2569 3127 processisse,
2632 3049 2691 3109 Sc

241 3150 506 3210 Decemb.
562 3149 636 3210 8⁶·
668 3148 746 3211 oh·
780 3148 840 3226 4'
892 3171 1032 3229 p.m.
1093 3149 1154 3209 in
1207 3149 1440 3209 vertice
1485 3148 1653 3209 orbis
1698 3169 1806 3207 seu
1854 3146 2151 3226 perihelio
2203 3148 2406 3208 fuisse.
2532 3148 2692 3207 Haec

240 3247 449 3307 omnia
478 3269 590 3327 per
618 3246 847 3308 scalam
879 3248 1144 3327 partium
1177 3246 1510 3327 aequalium
1544 3247 1603 3306 &
1651 3246 1912 3306 chordas
1961 3245 2326 3326 angulorum
2376 3268 2453 3306 ex
2486 3246 2693 3305 tabula

239 3345 486 3406 sinuum
560 3345 929 3406 naturalium
1004 3345 1293 3407 collectas
1367 3346 1777 3406 determinavi
1857 3345 2186 3425 graphice;
2275 3344 2689 3403 construendo

240 3442 492 3504 schema
548 3444 698 3505 satis
756 3444 1048 3525 amplum,
1112 3446 1172 3504 in
1227 3466 1352 3524 quo
1412 3443 1702 3504 videlicet
1760 3444 2220 3504 semidiameter
2264 3442 2428 3502 orbis
2481 3442 2689 3521 magni

243 3543 533 3624 (partium
574 3544 798 3625 10000)
833 3529 1089 3624 aequalis
1121 3558 1289 3604 esset
1318 3544 1529 3624 digitis
1570 3543 1676 3608 161-
1714 3544 1890 3623 pedis
1921 3542 2283 3622 Anglicam'.

356 3643 667 3716 Tandem,
699 3657 768 3704 ut
807 3657 1119 3705 constaret
1162 3665 1242 3703 an
1288 3657 1532 3702 cometa
1581 3643 1642 3702 in
1688 3642 1838 3702 orbe
1883 3641 1969 3700 sic
2018 3642 2271 3699 invento
2302 3630 2449 3698 vere
2479 3659 2689 3699 move-

242 3754 421 3815 retur,
467 3743 687 3827 collegi
734 3767 847 3825 per
888 3746 1282 3825 operationes
1342 3744 1566 3823 partim
1626 3743 2043 3803 arithmeticas
2088 3741 2311 3820 partim
2361 3740 2688 3821 graphicas

240 3839 373 3901 loca
402 3855 663 3903 cometae
710 3843 769 3903 in
816 3843 934 3904 hoc
965 3844 1116 3904 orbe
1146 3841 1226 3902 ad
1273 3841 1781 3901 observationum
1815 3838 2200 3918 quarundam
2234 3851 2512 3916 tempora
2541 3860 2552 3898 :
2599 3839 2686 3897 uti

242 3939 301 3998 in
334 3938 542 4000 tabula
571 3954 873 4020 sequente
905 3941 1118 4001 videre
1150 3939 1306 3999 licet.
