2852 4250
200 142 310 201 142
512 97 514 99 ’
1039 124 1155 173 DE
1190 122 1424 174 MOTU
1457 121 1760 173 CORPOR
1774 121 1895 171 UM

311 292 644 355 Hactenus
697 294 779 356 de
834 306 1010 356 motu
1059 310 1394 372 corporum
1442 289 1503 349 in
1549 286 1809 349 orbibus
1855 308 2126 368 quorum
2171 286 2363 370 plana
2405 308 2520 374 per
2559 316 2702 358 cen-

194 406 360 454 trum
393 393 621 455 virium
668 406 1013 456 transeunt.
1107 392 1418 472 Superest
1461 401 1533 450 ut
1585 400 1796 450 motus
1849 388 2042 450 etiam
2088 388 2585 482 determinemus
2639 397 2703 460 in

191 491 400 575 planis
464 493 852 570 excentriciS.
977 492 1150 553 Nam
1209 489 1549 570 scriptores
1604 487 1712 568 qui
1761 500 2007 550 motum
2058 491 2352 573 gravium
2413 506 2700 572 tractant,

191 593 590 655 considerare
621 592 828 663 solent
862 614 1162 655 ascensus
1211 590 1272 652 Sc
1317 590 1664 651 descensus
1710 589 2086 669 ponderum,
2135 604 2267 653 tam
2312 593 2605 678 obliquos
2637 598 2700 659 in

189 691 394 775 planis
443 694 925 775 quibuscunque
971 693 1153 765 datis,
1205 713 1397 772 quam
1444 687 2044 770 perpendiculares:
2093 690 2156 753 &
2201 693 2337 774 pari
2373 695 2518 777 jure
2564 719 2698 760 mo-

189 807 290 855 tus
365 816 697 874 corporum
771 794 1010 855 viribus
1086 792 1568 874 quibuscunque
1643 791 1860 852 centra
1919 793 2293 873 petentium,
2358 795 2421 857 8c
2493 796 2700 879 planis

191 893 562 955 excentricis
594 893 994 955 innitentium
1041 893 1143 954 hic
1188 891 1688 954 considerandus
1733 891 1927 954 venit.
2048 890 2246 955 Plana
2289 909 2505 958 autem
2550 921 2697 982 sup-

188 994 481 1075 ponimus
534 1015 675 1055 esse
723 992 1100 1075 politissima
1149 993 1212 1055 &
1260 991 1551 1055 absolute
1610 991 1851 1054 lubrica
1904 1014 1984 1055 ne
2037 1015 2305 1076 corpora
2352 999 2691 1064 retardent.

187 1094 506 1173 Quinimo,
563 1094 626 1154 in
687 1094 785 1155 his
838 1093 1503 1166 demonstrationibus,
1559 1093 1700 1155 vice
1752 1092 2088 1174 planorum
2142 1096 2373 1178 quibus
2434 1121 2699 1182 corpora

186 1195 554 1256 incumbunt
577 1217 849 1277 quaeque
874 1207 1147 1278 tangunt
1170 1194 1614 1268 incumbendo,
1637 1217 2017 1278 usurpamus
2041 1194 2232 1278 plana
2256 1197 2354 1260 his
2377 1199 2693 1280 parallela‚

186 1295 247 1356 in
281 1296 509 1378 quibus
542 1310 758 1358 centra
802 1318 1138 1378 corporum
1184 1308 1526 1358 moventur
1557 1295 1618 1357 &
1650 1296 1888 1358 orbitas
1934 1297 2259 1360 movendo
2306 1299 2692 1365 describunt.

188 1397 276 1458 Et
334 1397 559 1459 eadem
619 1396 762 1482 lege
822 1411 1032 1461 motus
1093 1418 1429 1478 corporum
1486 1396 1549 1458 in
1621 1397 2079 1479 superficiebus
2141 1400 2351 1462 curvis
2405 1415 2695 1483 peractos

182 1497 451 1560 subinde
482 1498 992 1561 determinamus

1118 1743 1559 1806 SECTIO
1642 1743 1744 1805 X.

177 1923 280 1983 De
349 1930 517 1983 motu
590 1930 918 2004 corporum
993 1923 1061 1984 iu
1121 1921 1553 2004 superficiebus
1625 1922 1806 1996 datz‘s,
1870 1921 2055 2005 deque
2106 1921 2690 2006 funzjfieudulorum

1154 2045 1324 2099 motu
1385 2036 1700 2120 recz‘chO.

351 2313 989 2376 PROPOSITIO
1072 2312 1362 2375 XLVI.
1491 2312 2071 2375 PROBLEMA
2155 2314 2507 2379 XXXII.

173 2482 394 2547 Posz'ta
438 2483 853 2564 cujuscunque
885 2483 1134 2565 generis
1187 2484 1256 2544 vz'
1297 2483 1649 2565 centrszeta,
1699 2482 1962 2565 datoque
2010 2491 2146 2545 tum
2194 2486 2435 2547 virium
2480 2496 2686 2550 centro

259 2605 395 2658 lum
408 2598 612 2679 plano
642 2620 1000 2679 quocunque
1027 2597 1098 2659 in
1120 2620 1239 2679 quo
1261 2606 1485 2679 corpus
1516 2598 1882 2676 revolvitur,
1909 2601 1991 2666 ἐπ’
2013 2601 2295 2663 concessis
2297 2600 2684 2684 figurarum

257 2712 754 2774 curvz'lz'uearum
796 2713 1244 2794 quadraturis.-
1290 2715 1654 2796 requiritur
1681 2723 1885 2777 motus
1928 2716 2206 2798 corporis
2248 2717 2322 2779 de
2363 2718 2486 2781 loco
2524 2718 2683 2792 date,

257 2827 408 2888 data
438 2850 577 2888 cum
607 2828 930 2904 velocitate,
962 2829 1294 2891 secuudum
1326 2839 1556 2892 rectam
1579 2831 1649 2893 in
1665 2832 1871 2914 plano
1901 2831 2013 2894 illo
2043 2831 2261 2894 datam
2291 2834 2527 2916 egressi.

290 3014 392 3076 Sit
423 3016 480 3075 S
505 3029 789 3076 centrum
822 3017 1067 3089 virium,
1103 3018 1160 3078 S
1186 3018 1243 3079 C
1281 3017 1582 3080 distantia
1628 3019 1891 3081 minima
1936 3022 2135 3083 centri
2177 3020 2365 3105 hujus
2410 3044 2450 3083 a
2492 3021 2684 3104 plano

175 3113 343 3188 dato,
375 3116 441 3175 P
470 3137 698 3197 corpus
747 3116 829 3177 de
876 3115 1015 3180 loco
1062 3119 1127 3178 P
1178 3120 1529 3181 secundum
1577 3134 1816 3183 rectam
1860 3123 2010 3184 PZ
2051 3123 2406 3206 egredienS,
2442 3125 2502 3201 Q
2547 3147 2681 3188 cor-

174 3235 293 3294 pus
326 3214 495 3276 idem
527 3214 589 3275 in
615 3216 970 3298 trajectoria
1000 3240 1115 3280 sua
1139 3219 1492 3295 revolvem,
1529 3221 1591 3284 &
1619 3223 1819 3300 PQR
1850 3224 2210 3307 trajectoria
2242 3223 2360 3299 illa,
2395 3225 2458 3287 in
2490 3225 2683 3308 plano

172 3315 325 3377 dato
369 3315 700 3397 descripta,
749 3339 941 3399 quarn
987 3319 1272 3383 invenire
1325 3329 1594 3403 oportet.
1715 3325 2082 3407 Jungantur
2130 3318 2189 3387 C
2208 3325 2281 3402 Q,
2332 3325 2391 3403 Q
2418 3327 2485 3400 S,
2521 3314 2583 3389 &
2627 3328 2681 3389 si

173 3416 236 3477 in
271 3417 328 3492 Q
357 3417 415 3477 S
438 3417 721 3498 capiatur
751 3419 808 3479 S
842 3420 906 3479 V
928 3421 1413 3501 proportionalis
1459 3424 1523 3485 vi
1570 3426 1940 3507 centripetae
1981 3447 2109 3506 qua
2154 3447 2383 3507 corpus
2414 3426 2684 3489 trahitur

171 3539 394 3580 versus
441 3532 724 3580 centrum
771 3520 838 3592 S,
875 3519 936 3581 &
983 3534 1211 3603 agatur
1270 3523 1335 3583 V
1356 3524 1421 3584 T
1441 3546 1587 3606 quae
1632 3526 1716 3587 sit
1759 3524 2061 3607 parallela
2095 3527 2155 3590 C
2174 3527 2232 3604 Q
2280 3526 2344 3590 &
2394 3541 2682 3590 occurrat

170 3618 298 3679 SC
328 3618 390 3679 in
435 3619 528 3681 T.-
581 3619 679 3680 vis
720 3620 777 3680 S
798 3620 863 3680 V
884 3620 1237 3683 resolvetur
1271 3622 1410 3706 (per
1438 3622 1654 3707 legum
1686 3625 1875 3689 corol.
1917 3627 1979 3710 2)
2017 3627 2079 3688 in
2112 3627 2282 3690 vires
2315 3628 2458 3701 ST,
2503 3628 2641 3690 TV
2654 3654 2679 3700 ,-

64 3790 66 3792 .
169 3740 438 3800 quarum
484 3720 541 3780 S
568 3720 633 3780 T
673 3719 985 3783 trahendo
1031 3743 1258 3803 corpus
1311 3725 1662 3786 secundum
1707 3725 1940 3789 lineam
1972 3726 2166 3809 plano
2196 3727 2676 3811 perpendicula-

169 3841 318 3894 rem,
353 3818 439 3881 nil
485 3834 689 3883 mutat
731 3834 976 3884 motum
1022 3823 1159 3905 ejus
1212 3823 1275 3885 in
1322 3823 1443 3886 hoc
1487 3824 1695 3906 plano,
1820 3827 1940 3889 Vis
1984 3841 2199 3890 autem
2252 3828 2451 3892 altera
2514 3831 2580 3891 Τ
2602 3830 2674 3903 V,

166 3921 421 4003 agendo
495 3921 844 3984 secundum
920 3923 1300 4004 positionem
1375 3923 1563 4006 plani,
1618 3926 1812 3988 trahit
1864 3949 2093 4010 corpus
2154 3929 2394 3992 directe
2450 3951 2675 3993 versus

2805 3806 2846 4250 ἰ
