2852 4250
1045 101 1280 150 LIBER
1325 100 1741 150 SECUNDUS.
1999 127 2002 130 ·
2489 124 2556 181 31
2576 121 2610 181 7

70 255 74 285 ³
160 262 386 326 'locum
416 262 598 323 tertio
626 273 907 322 notatum
938 262 1180 332 rediret,
1212 274 1401 340 atque
1432 282 1639 320 rursus
1675 261 1935 320 totidem
1962 261 2161 321 donec
2200 263 2379 340 pyxis
2409 265 2608 325 reditu

178 382 295 422 suo
323 359 655 438 attingeret
696 355 901 418 locum
941 370 1244 436 quartum.
1341 357 1534 416 Unde
1565 354 1866 416 concludo
1896 357 2083 435 quod'
2109 357 2453 418 resistentia
2481 373 2612 420 tota

181 454 430 536 pyxidis
477 452 679 532 plenae
731 473 855 512 non
908 454 1206 533 majorem
1253 453 1523 512 habebat
1573 452 2034 530 proportionem
2081 452 2161 520 ad
2205 454 2613 514 resistentiam

185 551 433 632 pyxidis
476 570 690 610 vacuae
735 570 923 628 quam
974 552 1048 625 78
1094 549 1192 608 ad'
1227 565 1318 625 77.
1414 549 1582 607 Nam
1627 549 1679 607 si
1727 547 1997 627 aequales
2043 562 2251 609 essent
2297 550 2614 609 ambarum

181 646 562 717 resistentiae,
611 646 793 724 pyxis
843 644 1042 724 plena,
1083 646 1164 704 ob
1205 645 1334 704 vim
1386 666 1562 704 suam
1612 645 1858 704 insitam
1908 644 2260 723 septuagies
2314 644 2374 704 δε
2423 647 2615 707 octies

185 745 483 825 majorem
529 743 592 802 vi
641 742 824 801 insita
869 741 1118 819 pyxidis
1166 763 1397 812 vacuae‚
1447 755 1684 802 motum
1730 761 1910 799 suum
1962 738 2395 800 oscillatorium
2445 754 2620 803 tanto

46 854 50 861 '
113 910 118 915 ,
183 839 415 902 diutius
458 859 825 899 conservare
869 839 1141 908 deberet,
1174 851 1361 916 atque
1407 838 1547 898 ideo
1589 835 1908 915 completis
1949 858 2194 915 semper
2232 836 2618 899 oscillationi-

186 940 304 1000 bus
355 939 427 1014 78
473 936 554 996 ad
598 935 734 996 loca
762 935 864 996 illa
895 949 1106 996 notata
1137 936 1351 996 redire.
1449 936 1660 996 Rediit
1690 948 1896 995 autem
1927 934 2008 992 ad
2052 934 2269 995 eadem
2301 934 2621 1013 completis

187 1032 668 1099 oscillationibus
705 1049 795 1109 77.
1818 1024 1824 1031 ’

304 1130 613 1210 Designet
641 1129 828 1211 igitur
858 1129 916 1188 A
954 1129 1366 1190 resistentiam
1398 1129 1645 1208 pyxidis
1687 1129 1747 1187 in
1781 1128 1969 1207 ipsius
2000 1129 2322 1207 superficie
2352 1143 2622 1201 externa,

191 1230 254 1292 &
286 1229 336 1290 B
369 1227 778 1289 resistentiam
810 1227 1058 1306 pyxidis
1089 1248 1303 1287 vacuae
1337 1227 1396 1285 in
1443 1228 1719 1305 partibus
1752 1221 2004 1286 internis
2031 1251 2042 1298 ;
2090 1227 2149 1286 &
2180 1228 2230 1286 si
2262 1227 2624 1287 resistentiae

189 1347 517 1407 corporum
574 1323 1047 1405 aequivelocium
1108 1324 1169 1383 in
1229 1325 1507 1403 partibus
1568 1324 1821 1384 internis
1881 1324 2004 1383 sint
2060 1338 2129 1383 ut
2187 1324 2459 1397 materia,
2508 1345 2624 1383 -seu

192 1444 483 1484 numerus
527 1422 961 1502 particularum
1006 1422 1231 1501 quibus
1263 1422 1604 1482 resistitur:
1651 1422 1766 1481 erit
1812 1423 1884 1496 78
1911 1421 1959 1478 B
1999 1421 2344 1480 resistentia
2382 1421 2628 1499 pyxidis

191 1521 393 1603 plenae
438 1521 499 1580 in
543 1520 736 1599 ipsius
781 1520 1058 1599 partibus
1104 1519 1402 1579 internis:
1450 1519 1716 1597 ideoque
1760 1518 2005 1596 pyxidis
2036 1539 2249 1577 vacuae
2286 1518 2630 1577 resistentia

191 1616 324 1680 tota
355 1617 487 1684 A÷
511 1618 560 1677 B
603 1618 718 1678 erit
747 1618 827 1677 ad
873 1617 1121 1697 pyxidis
1168 1615 1368 1695 plenae
1415 1615 1826 1677 resistentiam
1871 1627 2064 1674 totam
2112 1614 2172 1673 A
2193 1629 2243 1681 -ι-
2269 1618 2341 1691 78
2372 1615 2420 1673 B
2453 1627 2521 1674 ut
2556 1631 2629 1691 77

192 1717 274 1777 ad
311 1719 402 1793 78,
436 1715 497 1776 &
527 1715 775 1775 divisim
809 1715 1013 1782 A÷B
1045 1719 1125 1774 ad
1176 1732 1248 1790 77
1286 1714 1351 1783 B,
1386 1728 1454 1774 ut
1490 1731 1563 1790 77
1595 1714 1675 1772 ad
1718 1734 1762 1782 1,
1796 1712 2062 1790 indeque
2096 1712 2299 1777 A÷B
2341 1712 2420 1771 ad
2471 1713 2519 1770 B
2564 1725 2633 1771 ut

201 1831 275 1891 77
299 1834 339 1873 ><
370 1830 443 1890 77
474 1812 555 1872 ad
595 1833 640 1883 1,
676 1812 736 1873 &
771 1813 1018 1872 divisim
1052 1812 1115 1871 A
1147 1812 1227 1871 ad
1266 1811 1313 1870 B
1347 1826 1414 1871 ut
1449 1814 1607 1887 5928
1639 1811 1719 1870 ad
1767 1831 1810 1870 1.
1908 1810 2027 1868 Est
2072 1810 2258 1889 igitur
2288 1810 2633 1869 resistentia

193 1910 441 1990 pyxidis
492 1931 706 1970 vacuae
767 1910 828 1969 in
888 1909 1165 1988 partibus
1226 1910 1480 1968 internis
1532 1908 1859 1987 quinquies
1918 1905 2135 1966 millies
2190 1907 2390 1966 minor
2446 1928 2631 1986 quam

194 2008 473 2089 ejusdem
519 2008 867 2067 resistentia
912 2007 972 2066 in
1018 2020 1276 2067 externa
1319 2007 1658 2085 superficie,
1708 2005 1767 2065 ἃ
1811 2002 2088 2082 amplius,
2182 2004 2285 2063 Sic
2316 2026 2464 2064 vero
2510 2004 2630 2063 dis-

194 2117 483 2185 putamus
514 2126 592 2165 ex
623 2104 951 2184 hypothesi
998 2106 1167 2184 quod
1215 2106 1411 2185 major
1451 2103 1550 2163 illa
1581 2102 1926 2164 resistentia
1970 2101 2215 2180 pyxidis
2260 2101 2474 2180 plenae,
2510 2122 2631 2161 non

194 2205 275 2264 ab
318 2201 438 2263 alia
466 2201 673 2282 aliqua
703 2224 891 2262 causa
920 2201 1151 2263 latente
1181 2203 1426 2272 oriatur,
1462 2202 1572 2261 sed
1618 2202 1697 2260 ab
1728 2200 1967 2259 actione
1998 2198 2129 2259 sola
2174 2199 2342 2258 fluidi
2379 2199 2632 2279 alicujus

197 2299 438 2361 subtilis
470 2300 531 2360 in
563 2300 878 2360 metallum
912 2299 1228 2360 inclusum.

316 2396 461 2458 Hoc
491 2397 984 2476 experimentum
1017 2398 1268 2457 recitavi
1317 2397 1681 2456 memoriter.
1780 2395 1946 2465 Nam
1978 2393 2202 2463 charta,
2238 2394 2298 2452 in
2330 2414 2453 2471 qua
2484 2392 2632 2452 illud

197 2493 530 2573 aliquando
559 2494 1021 2573 descripseram,
1050 2495 1368 2555 intercidit.
1451 2495 1642 2555 Unde
1672 2491 2216 2571 fractastquasdam
2243 2511 2633 2550 numerorum

198 2605 424 2671 parteS‚
457 2613 598 2671 quae
628 2593 926 2653 memoria
956 2593 1333 2662 exciderunt,
1367 2593 1652 2652 omittere
1683 2590 2034 2668 compulsus
2065 2611 2216 2648 sum.

331 2688 499 2749 Nam
550 2690 760 2749 omnia
810 2689 1017 2750 denuo
1068 2704 1306 2750 tentare
1360 2710 1483 2749 non
1532 2702 1726 2748 vacat.
1846 2687 2050 2745 Prima
2094 2686 2243 2756 vice,
2291 2706 2429 2744 cum
2477 2706 2636 2745 unco

201 2785 444 2846 infirmo
487 2807 634 2846 usus
679 2803 897 2857 essem,
945 2788 1127 2866 pyxis
1172 2786 1357 2866 plena
1401 2786 1576 2846 citius
1623 2784 2060 2845 retardabatur.
2155 2783 2422 2842 Causam
2468 2794 2633 2860 quae-

201 2882 411 2954 rendo,
457 2882 658 2962 reperi
701 2885 870 2963 quod
916 2906 1109 2945 uncus
1155 2885 1432 2944 infirmus
1478 2884 1737 2944 cedebat
1782 2882 2039 2961 ponderi
2091 2881 2353 2960 pyxidis,
2402 2879 2461 2939 Sc
2506 2881 2636 2959 ejus

12 2973 36 3003 ¹·
118 3030 121 3032 .
202 2978 682 3041 oscillationibus
733 2981 1139 3061 obsequendo
1199 2983 1259 3041 in
1314 2995 1519 3060 partes
1572 3001 1788 3040 omnes
1848 2979 2219 3039 flectebatur.
2337 2977 2636 3036 Parabam

204 3076 391 3157 igitur
418 3099 644 3138 uncum
676 3078 936 3150 firmum,
969 3093 1037 3140 ut
1081 3092 1378 3159 punctum
1420 3078 1840 3156 suspensionis
1888 3077 2208 3137 immotum
2255 3088 2544 3145 maneret,
2578 3074 2638 3134 &

204 3186 350 3235 tunc
381 3176 589 3236 omnia
620 3177 704 3236 ita
732 3191 1073 3238 evenerunt
1103 3178 1190 3237 uti
1222 3198 1409 3256 supra
1438 3175 1889 3255 descripsimus,
