<?xml version="1.0" encoding="UTF-8"?>
<!DOCTYPE html PUBLIC "-//W3C//DTD XHTML 1.0 Transitional//EN"
    "http://www.w3.org/TR/xhtml1/DTD/xhtml1-transitional.dtd">
<html xmlns="http://www.w3.org/1999/xhtml" xml:lang="en" lang="en">
 <head>
  <title>
</title>
<meta http-equiv="Content-Type" content="text/html;charset=utf-8" />
  <meta name='ocr-system' content='tesseract 3.04.00' />
  <meta name='ocr-capabilities' content='ocr_page ocr_carea ocr_par ocr_line ocrx_word'/>
</head>
<body>
  <div class='ocr_page' id='page_1' title='image "./principia00newtuoft/principia00newtuoft_0379.png"; bbox 0 0 2852 4250; ppageno 0'>
   <div class='ocr_carea' id='block_1_1' title="bbox 0 0 144 1144">
    <p class='ocr_par' dir='ltr' id='par_1_1' title="bbox 0 0 144 1144">
     <span class='ocr_line' id='line_1_1' title="bbox 0 0 144 1144; baseline 0 0"><span class='ocrx_word' id='word_1_1' title='bbox 0 0 144 1144; x_wconf 95' lang='lat' dir='ltr'><strong> </strong></span> 
     </span>
    </p>
   </div>
   <div class='ocr_carea' id='block_1_2' title="bbox 1037 86 2588 169">
    <p class='ocr_par' dir='ltr' id='par_1_2' title="bbox 1037 86 2588 169">
     <span class='ocr_line' id='line_1_2' title="bbox 1037 86 2588 169; baseline 0.015 -37"><span class='ocrx_word' id='word_1_2' title='bbox 1037 86 1274 134; x_wconf 85' lang='lat' dir='ltr'><em>LIBER</em></span> <span class='ocrx_word' id='word_1_3' title='bbox 1308 86 1728 137; x_wconf 87' lang='lat' dir='ltr'><em>SECUNDUS.</em></span> <span class='ocrx_word' id='word_1_4' title='bbox 2471 109 2588 169; x_wconf 84' lang='lat'><strong>337</strong></span> 
     </span>
    </p>
   </div>
   <div class='ocr_carea' id='block_1_3' title="bbox 88 238 2612 3757">
    <p class='ocr_par' dir='ltr' id='par_1_3' title="bbox 100 238 2600 1498">
     <span class='ocr_line' id='line_1_3' title="bbox 154 238 2588 327; baseline 0.004 -24"><span class='ocrx_word' id='word_1_5' title='bbox 154 238 553 303; x_wconf 71' lang='lat' dir='ltr'><strong>:velocitatem</strong></span> <span class='ocrx_word' id='word_1_6' title='bbox 606 241 927 304; x_wconf 91' lang='lat' dir='ltr'><strong>relativam</strong></span> <span class='ocrx_word' id='word_1_7' title='bbox 971 266 1152 325; x_wconf 87' lang='lat' dir='ltr'><strong>aquae</strong></span> <span class='ocrx_word' id='word_1_8' title='bbox 1196 247 1630 321; x_wconf 90' lang='lat' dir='ltr'><strong>descendentis</strong></span> <span class='ocrx_word' id='word_1_9' title='bbox 1690 270 1814 327; x_wconf 92' lang='lat' dir='ltr'><strong>qua</strong></span> <span class='ocrx_word' id='word_1_10' title='bbox 1869 250 2228 326; x_wconf 77' lang='lat' dir='ltr'><strong>praeterfluit</strong></span> <span class='ocrx_word' id='word_1_11' title='bbox 2283 251 2588 313; x_wconf 86' lang='lat' dir='ltr'><strong>circellum</strong></span> 
     </span>
     <span class='ocr_line' id='line_1_4' title="bbox 162 338 2589 418; baseline 0.003 -19"><span class='ocrx_word' id='word_1_12' title='bbox 162 338 618 408; x_wconf 85' lang='lat' dir='ltr'><strong>ascendentem,</strong></span> <span class='ocrx_word' id='word_1_13' title='bbox 679 353 749 399; x_wconf 90' lang='lat' dir='ltr'><strong>ut</strong></span> <span class='ocrx_word' id='word_1_14' title='bbox 805 340 1152 402; x_wconf 83' lang='lat' dir='ltr'><strong>differentia</strong></span> <span class='ocrx_word' id='word_1_15' title='bbox 1209 342 1571 404; x_wconf 92' lang='lat' dir='ltr'><strong>circulorum</strong></span> <span class='ocrx_word' id='word_1_16' title='bbox 1629 345 1699 404; x_wconf 90' lang='lat' dir='ltr'><em>E</em></span> <span class='ocrx_word' id='word_1_17' title='bbox 1713 347 1783 404; x_wconf 90' lang='lat' dir='ltr'><em>F</em></span> <span class='ocrx_word' id='word_1_18' title='bbox 1837 345 1898 404; x_wconf 82' lang='lat'>&amp;</span> <span class='ocrx_word' id='word_1_19' title='bbox 1961 346 2024 404; x_wconf 89' lang='lat' dir='ltr'><em>P</em></span> <span class='ocrx_word' id='word_1_20' title='bbox 2048 346 2104 418; x_wconf 99' lang='lat' dir='ltr'><em>Q</em></span> <span class='ocrx_word' id='word_1_21' title='bbox 2170 346 2250 405; x_wconf 90' lang='lat' dir='ltr'><strong>ad</strong></span> <span class='ocrx_word' id='word_1_22' title='bbox 2302 347 2589 408; x_wconf 90' lang='lat' dir='ltr'><strong>circulum</strong></span> 
     </span>
     <span class='ocr_line' id='line_1_5' title="bbox 161 436 2592 526; baseline 0.002 -29"><span class='ocrx_word' id='word_1_23' title='bbox 161 437 318 507; x_wconf 89' lang='lat' dir='ltr'><strong>EF,</strong></span> <span class='ocrx_word' id='word_1_24' title='bbox 370 436 506 496; x_wconf 89' lang='lat' dir='ltr'><strong>sive</strong></span> <span class='ocrx_word' id='word_1_25' title='bbox 558 448 628 495; x_wconf 84' lang='lat' dir='ltr'><strong>ut</strong></span> <span class='ocrx_word' id='word_1_26' title='bbox 676 437 746 495; x_wconf 89' lang='lat' dir='ltr'><em>E</em></span> <span class='ocrx_word' id='word_1_27' title='bbox 759 438 830 496; x_wconf 86' lang='lat' dir='ltr'><em>F</em></span> <span class='ocrx_word' id='word_1_28' title='bbox 834 440 1021 516; x_wconf 80' lang='lat' dir='ltr'><strong>q-P</strong></span> <span class='ocrx_word' id='word_1_29' title='bbox 1043 440 1154 518; x_wconf 80' lang='lat' dir='ltr'><strong>Qq</strong></span> <span class='ocrx_word' id='word_1_30' title='bbox 1206 440 1286 498; x_wconf 90' lang='lat' dir='ltr'><strong>ad</strong></span> <span class='ocrx_word' id='word_1_31' title='bbox 1337 441 1407 499; x_wconf 85' lang='lat' dir='ltr'><em>E</em></span> <span class='ocrx_word' id='word_1_32' title='bbox 1420 442 1489 499; x_wconf 85' lang='lat' dir='ltr'><em>F</em></span> <span class='ocrx_word' id='word_1_33' title='bbox 1495 462 1549 519; x_wconf 82' lang='lat' dir='ltr'><strong>q.</strong></span> <span class='ocrx_word' id='word_1_34' title='bbox 1669 441 1767 500; x_wconf 89' lang='lat' dir='ltr'><strong>Sit</strong></span> <span class='ocrx_word' id='word_1_35' title='bbox 1825 440 1927 500; x_wconf 91' lang='lat' dir='ltr'><strong>illa</strong></span> <span class='ocrx_word' id='word_1_36' title='bbox 1982 440 2277 526; x_wconf 88' lang='lat' dir='ltr'><strong>velocitas</strong></span> <span class='ocrx_word' id='word_1_37' title='bbox 2336 442 2592 504; x_wconf 91' lang='lat' dir='ltr'><strong>relativa</strong></span> 
     </span>
     <span class='ocr_line' id='line_1_6' title="bbox 163 530 2595 617; baseline 0.002 -23"><span class='ocrx_word' id='word_1_38' title='bbox 163 530 418 612; x_wconf 85' lang='lat' dir='ltr'><strong>aequalis</strong></span> <span class='ocrx_word' id='word_1_39' title='bbox 476 530 805 607; x_wconf 83' lang='lat' dir='ltr'><strong>velocitati,</strong></span> <span class='ocrx_word' id='word_1_40' title='bbox 868 555 992 612; x_wconf 92' lang='lat' dir='ltr'><strong>qua</strong></span> <span class='ocrx_word' id='word_1_41' title='bbox 1048 557 1236 613; x_wconf 91' lang='lat' dir='ltr'><strong>supra</strong></span> <span class='ocrx_word' id='word_1_42' title='bbox 1298 549 1618 596; x_wconf 89' lang='lat' dir='ltr'><strong>ostensum</strong></span> <span class='ocrx_word' id='word_1_43' title='bbox 1692 550 1787 596; x_wconf 90' lang='lat' dir='ltr'><strong>est</strong></span> <span class='ocrx_word' id='word_1_44' title='bbox 1858 558 2083 615; x_wconf 89' lang='lat' dir='ltr'><strong>aquam</strong></span> <span class='ocrx_word' id='word_1_45' title='bbox 2155 539 2413 598; x_wconf 89' lang='lat' dir='ltr'><strong>transire</strong></span> <span class='ocrx_word' id='word_1_46' title='bbox 2484 561 2595 617; x_wconf 92' lang='lat' dir='ltr'><strong>per</strong></span> 
     </span>
     <span class='ocr_line' id='line_1_7' title="bbox 165 629 2594 708; baseline 0.003 -18"><span class='ocrx_word' id='word_1_47' title='bbox 165 630 329 690; x_wconf 92' lang='lat' dir='ltr'><strong>idem</strong></span> <span class='ocrx_word' id='word_1_48' title='bbox 387 629 655 708; x_wconf 89' lang='lat' dir='ltr'><strong>spatium</strong></span> <span class='ocrx_word' id='word_1_49' title='bbox 714 630 1010 691; x_wconf 81' lang='lat' dir='ltr'><strong>annulare</strong></span> <span class='ocrx_word' id='word_1_50' title='bbox 1068 633 1217 691; x_wconf 92' lang='lat' dir='ltr'><strong>dum</strong></span> <span class='ocrx_word' id='word_1_51' title='bbox 1277 632 1550 694; x_wconf 91' lang='lat' dir='ltr'><strong>circellus</strong></span> <span class='ocrx_word' id='word_1_52' title='bbox 1610 635 1843 694; x_wconf 92' lang='lat' dir='ltr'><strong>interea</strong></span> <span class='ocrx_word' id='word_1_53' title='bbox 1902 635 2190 695; x_wconf 89' lang='lat' dir='ltr'><strong>immotus</strong></span> <span class='ocrx_word' id='word_1_54' title='bbox 2249 650 2471 707; x_wconf 92' lang='lat' dir='ltr'><strong>manet,</strong></span> <span class='ocrx_word' id='word_1_55' title='bbox 2533 639 2594 697; x_wconf 93' lang='lat' dir='ltr'><strong>id</strong></span> 
     </span>
     <span class='ocr_line' id='line_1_8' title="bbox 164 724 2594 808; baseline 0.002 -21"><span class='ocrx_word' id='word_1_56' title='bbox 164 739 274 796; x_wconf 89' lang='lat' dir='ltr'><strong>est,</strong></span> <span class='ocrx_word' id='word_1_57' title='bbox 300 724 610 786; x_wconf 88' lang='lat' dir='ltr'><strong>velocitati</strong></span> <span class='ocrx_word' id='word_1_58' title='bbox 642 747 829 804; x_wconf 91' lang='lat' dir='ltr'><strong>quarn</strong></span> <span class='ocrx_word' id='word_1_59' title='bbox 854 748 1017 806; x_wconf 90' lang='lat' dir='ltr'><strong>aqua</strong></span> <span class='ocrx_word' id='word_1_60' title='bbox 1046 728 1328 808; x_wconf 92' lang='lat' dir='ltr'><strong>cadendo</strong></span> <span class='ocrx_word' id='word_1_61' title='bbox 1360 729 1420 788; x_wconf 85' lang='lat'>&amp;</span> <span class='ocrx_word' id='word_1_62' title='bbox 1450 751 1594 789; x_wconf 87' lang='lat' dir='ltr'><strong>casu</strong></span> <span class='ocrx_word' id='word_1_63' title='bbox 1626 752 1740 790; x_wconf 92' lang='lat' dir='ltr'><strong>suo</strong></span> <span class='ocrx_word' id='word_1_64' title='bbox 1770 731 2176 791; x_wconf 88' lang='lat' dir='ltr'><strong>describendo</strong></span> <span class='ocrx_word' id='word_1_65' title='bbox 2207 731 2594 792; x_wconf 88' lang='lat' dir='ltr'><strong>altitudinem</strong></span> 
     </span>
     <span class='ocr_line' id='line_1_9' title="bbox 163 825 2593 905; baseline 0.001 -19"><span class='ocrx_word' id='word_1_66' title='bbox 163 826 214 886; x_wconf 93' lang='lat' dir='ltr'><em>I</em></span> <span class='ocrx_word' id='word_1_67' title='bbox 233 826 293 885; x_wconf 84' lang='lat' dir='ltr'><em>G</em></span> <span class='ocrx_word' id='word_1_68' title='bbox 334 825 651 904; x_wconf 90' lang='lat' dir='ltr'><strong>acquirere</strong></span> <span class='ocrx_word' id='word_1_69' title='bbox 695 838 941 903; x_wconf 88' lang='lat' dir='ltr'><strong>potest:</strong></span> <span class='ocrx_word' id='word_1_70' title='bbox 989 825 1050 885; x_wconf 86' lang='lat'>&amp;</span> <span class='ocrx_word' id='word_1_71' title='bbox 1093 826 1188 886; x_wconf 90' lang='lat' dir='ltr'><strong>vis</strong></span> <span class='ocrx_word' id='word_1_72' title='bbox 1220 848 1399 905; x_wconf 85' lang='lat' dir='ltr'><strong>aquae</strong></span> <span class='ocrx_word' id='word_1_73' title='bbox 1433 828 1493 886; x_wconf 94' lang='lat' dir='ltr'><strong>in</strong></span> <span class='ocrx_word' id='word_1_74' title='bbox 1528 827 1846 895; x_wconf 61' lang='lat' dir='ltr'><strong>‚circellum</strong></span> <span class='ocrx_word' id='word_1_75' title='bbox 1890 829 2327 888; x_wconf 85' lang='lat' dir='ltr'><strong>ascendentem</strong></span> <span class='ocrx_word' id='word_1_76' title='bbox 2375 830 2593 889; x_wconf 89' lang='lat' dir='ltr'><strong>eadem</strong></span> 
     </span>
     <span class='ocr_line' id='line_1_10' title="bbox 100 923 2596 1007; baseline 0.002 -23"><span class='ocrx_word' id='word_1_77' title='bbox 100 936 106 940; x_wconf 89' lang='lat'>&#39;</span> <span class='ocrx_word' id='word_1_78' title='bbox 165 925 281 985; x_wconf 91' lang='lat' dir='ltr'><strong>erit</strong></span> <span class='ocrx_word' id='word_1_79' title='bbox 351 946 423 984; x_wconf 93' lang='lat' dir='ltr'><strong>ac</strong></span> <span class='ocrx_word' id='word_1_80' title='bbox 494 924 662 1003; x_wconf 94' lang='lat' dir='ltr'><strong>prius</strong></span> <span class='ocrx_word' id='word_1_81' title='bbox 740 925 876 1005; x_wconf 92' lang='lat' dir='ltr'><strong>(per</strong></span> <span class='ocrx_word' id='word_1_82' title='bbox 937 923 1146 1005; x_wconf 89' lang='lat' dir='ltr'><strong>legum</strong></span> <span class='ocrx_word' id='word_1_83' title='bbox 1213 924 1394 986; x_wconf 89' lang='lat' dir='ltr'><strong>corol.</strong></span> <span class='ocrx_word' id='word_1_84' title='bbox 1471 924 1533 1007; x_wconf 89' lang='lat' dir='ltr'><strong>v)</strong></span> <span class='ocrx_word' id='word_1_85' title='bbox 1612 927 1674 986; x_wconf 94' lang='lat' dir='ltr'><strong>id</strong></span> <span class='ocrx_word' id='word_1_86' title='bbox 1757 940 1866 998; x_wconf 88' lang='lat' dir='ltr'><strong>est,</strong></span> <span class='ocrx_word' id='word_1_87' title='bbox 1942 929 2289 988; x_wconf 86' lang='lat' dir='ltr'><strong>resistentia</strong></span> <span class='ocrx_word' id='word_1_88' title='bbox 2374 928 2596 988; x_wconf 92' lang='lat' dir='ltr'><strong>circelli</strong></span> 
     </span>
     <span class='ocr_line' id='line_1_11' title="bbox 165 1022 2593 1105; baseline 0.001 -23"><span class='ocrx_word' id='word_1_89' title='bbox 165 1022 554 1083; x_wconf 89' lang='lat' dir='ltr'><strong>ascendentis</strong></span> <span class='ocrx_word' id='word_1_90' title='bbox 603 1022 718 1081; x_wconf 92' lang='lat' dir='ltr'><strong>erit</strong></span> <span class='ocrx_word' id='word_1_91' title='bbox 764 1022 843 1080; x_wconf 90' lang='lat' dir='ltr'><strong>ad</strong></span> <span class='ocrx_word' id='word_1_92' title='bbox 892 1022 1136 1100; x_wconf 90' lang='lat' dir='ltr'><strong>pondus</strong></span> <span class='ocrx_word' id='word_1_93' title='bbox 1186 1022 1442 1101; x_wconf 88' lang='lat' dir='ltr'><strong>cylindri</strong></span> <span class='ocrx_word' id='word_1_94' title='bbox 1496 1046 1676 1103; x_wconf 80' lang='lat' dir='ltr'><strong>aquae</strong></span> <span class='ocrx_word' id='word_1_95' title='bbox 1727 1026 1898 1105; x_wconf 89' lang='lat' dir='ltr'><strong>cujus</strong></span> <span class='ocrx_word' id='word_1_96' title='bbox 1949 1026 2115 1086; x_wconf 90' lang='lat' dir='ltr'><strong>basis</strong></span> <span class='ocrx_word' id='word_1_97' title='bbox 2173 1040 2268 1086; x_wconf 91' lang='lat' dir='ltr'><strong>est</strong></span> <span class='ocrx_word' id='word_1_98' title='bbox 2319 1025 2593 1086; x_wconf 89' lang='lat' dir='ltr'><strong>circellus</strong></span> 
     </span>
     <span class='ocr_line' id='line_1_12' title="bbox 167 1118 2590 1203; baseline 0.002 -24"><span class='ocrx_word' id='word_1_99' title='bbox 167 1118 266 1180; x_wconf 92' lang='lat' dir='ltr'><strong>ille</strong></span> <span class='ocrx_word' id='word_1_100' title='bbox 298 1119 357 1179; x_wconf 86' lang='lat'>&amp;</span> <span class='ocrx_word' id='word_1_101' title='bbox 387 1118 647 1179; x_wconf 91' lang='lat' dir='ltr'><strong>altitudo</strong></span> <span class='ocrx_word' id='word_1_102' title='bbox 678 1132 773 1179; x_wconf 91' lang='lat' dir='ltr'><strong>est</strong></span> <span class='ocrx_word' id='word_1_103' title='bbox 801 1119 835 1184; x_wconf 63' lang='grc' dir='ltr'><strong>ἐν</strong></span> <span class='ocrx_word' id='word_1_104' title='bbox 856 1121 905 1178; x_wconf 89' lang='lat' dir='ltr'><em>J</em></span> <span class='ocrx_word' id='word_1_105' title='bbox 921 1120 994 1189; x_wconf 83' lang='lat' dir='ltr'><strong>G,</strong></span> <span class='ocrx_word' id='word_1_106' title='bbox 1028 1133 1096 1179; x_wconf 92' lang='lat' dir='ltr'><strong>ut</strong></span> <span class='ocrx_word' id='word_1_107' title='bbox 1125 1121 1194 1179; x_wconf 86' lang='lat' dir='ltr'><em>E</em></span> <span class='ocrx_word' id='word_1_108' title='bbox 1206 1122 1275 1179; x_wconf 83' lang='lat' dir='ltr'><em>F</em></span> <span class='ocrx_word' id='word_1_109' title='bbox 1285 1143 1324 1200; x_wconf 78' lang='lat' dir='ltr'><em>q</em></span> <span class='ocrx_word' id='word_1_110' title='bbox 1367 1122 1447 1180; x_wconf 92' lang='lat' dir='ltr'><strong>ad</strong></span> <span class='ocrx_word' id='word_1_111' title='bbox 1491 1122 1559 1180; x_wconf 86' lang='lat' dir='ltr'><em>E</em></span> <span class='ocrx_word' id='word_1_112' title='bbox 1579 1124 1648 1181; x_wconf 83' lang='lat' dir='ltr'><em>F</em></span> <span class='ocrx_word' id='word_1_113' title='bbox 1658 1145 1697 1201; x_wconf 82' lang='lat' dir='ltr'><em>q</em></span> <span class='ocrx_word' id='word_1_114' title='bbox 1725 1158 1785 1168; x_wconf 94' lang='lat'><strong>—</strong></span> <span class='ocrx_word' id='word_1_115' title='bbox 1814 1129 1848 1194; x_wconf 57' lang='grc' dir='ltr'><strong>ὲ</strong></span> <span class='ocrx_word' id='word_1_116' title='bbox 1875 1123 1938 1181; x_wconf 92' lang='lat' dir='ltr'><em>P</em></span> <span class='ocrx_word' id='word_1_117' title='bbox 1963 1123 2018 1196; x_wconf 95' lang='lat' dir='ltr'><em>Q</em></span> <span class='ocrx_word' id='word_1_118' title='bbox 2041 1146 2080 1202; x_wconf 79' lang='lat' dir='ltr'><em>q</em></span> <span class='ocrx_word' id='word_1_119' title='bbox 2109 1125 2590 1203; x_wconf 86' lang='lat' dir='ltr'><strong>quamproxime.</strong></span> 
     </span>
     <span class='ocr_line' id='line_1_13' title="bbox 169 1215 2597 1299; baseline 0.002 -23"><span class='ocrx_word' id='word_1_120' title='bbox 169 1215 484 1277; x_wconf 91' lang='lat' dir='ltr'><strong>Velocitas</strong></span> <span class='ocrx_word' id='word_1_121' title='bbox 529 1229 737 1276; x_wconf 91' lang='lat' dir='ltr'><strong>autem</strong></span> <span class='ocrx_word' id='word_1_122' title='bbox 797 1216 1017 1276; x_wconf 91' lang='lat' dir='ltr'><strong>circelli</strong></span> <span class='ocrx_word' id='word_1_123' title='bbox 1078 1217 1193 1277; x_wconf 90' lang='lat' dir='ltr'><strong>erit</strong></span> <span class='ocrx_word' id='word_1_124' title='bbox 1250 1218 1331 1277; x_wconf 93' lang='lat' dir='ltr'><strong>ad</strong></span> <span class='ocrx_word' id='word_1_125' title='bbox 1390 1218 1797 1290; x_wconf 91' lang='lat' dir='ltr'><strong>velocitatem,</strong></span> <span class='ocrx_word' id='word_1_126' title='bbox 1853 1241 2039 1298; x_wconf 92' lang='lat' dir='ltr'><strong>quam</strong></span> <span class='ocrx_word' id='word_1_127' title='bbox 2098 1242 2259 1299; x_wconf 89' lang='lat' dir='ltr'><strong>aqua</strong></span> <span class='ocrx_word' id='word_1_128' title='bbox 2316 1222 2597 1282; x_wconf 90' lang='lat' dir='ltr'><strong>cadendo</strong></span> 
     </span>
     <span class='ocr_line' id='line_1_14' title="bbox 169 1314 2600 1397; baseline 0.001 -22"><span class='ocrx_word' id='word_1_129' title='bbox 169 1314 230 1375; x_wconf 67' lang='lat'><strong>81</strong></span> <span class='ocrx_word' id='word_1_130' title='bbox 274 1336 417 1374; x_wconf 91' lang='lat' dir='ltr'><strong>casu</strong></span> <span class='ocrx_word' id='word_1_131' title='bbox 462 1335 576 1374; x_wconf 91' lang='lat' dir='ltr'><strong>suo</strong></span> <span class='ocrx_word' id='word_1_132' title='bbox 620 1314 1030 1375; x_wconf 88' lang='lat' dir='ltr'><strong>describendo</strong></span> <span class='ocrx_word' id='word_1_133' title='bbox 1074 1314 1463 1376; x_wconf 90' lang='lat' dir='ltr'><strong>altitudinem</strong></span> <span class='ocrx_word' id='word_1_134' title='bbox 1492 1318 1541 1375; x_wconf 92' lang='lat' dir='ltr'><em>I</em></span> <span class='ocrx_word' id='word_1_135' title='bbox 1558 1317 1617 1376; x_wconf 83' lang='lat' dir='ltr'><strong><em>G</em></strong></span> <span class='ocrx_word' id='word_1_136' title='bbox 1659 1316 1932 1396; x_wconf 88' lang='lat' dir='ltr'><strong>acquirit,</strong></span> <span class='ocrx_word' id='word_1_137' title='bbox 1965 1330 2033 1377; x_wconf 93' lang='lat' dir='ltr'><strong>ut</strong></span> <span class='ocrx_word' id='word_1_138' title='bbox 2070 1318 2138 1376; x_wconf 90' lang='lat' dir='ltr'><em>E</em></span> <span class='ocrx_word' id='word_1_139' title='bbox 2157 1319 2275 1397; x_wconf 79' lang='lat' dir='ltr'><strong>Fq</strong></span> <span class='ocrx_word' id='word_1_140' title='bbox 2304 1354 2363 1363; x_wconf 95' lang='lat'>—</span> <span class='ocrx_word' id='word_1_141' title='bbox 2391 1319 2453 1377; x_wconf 90' lang='lat' dir='ltr'><em>P</em></span> <span class='ocrx_word' id='word_1_142' title='bbox 2478 1319 2533 1391; x_wconf 96' lang='lat' dir='ltr'><em>Q</em></span> <span class='ocrx_word' id='word_1_143' title='bbox 2561 1341 2600 1397; x_wconf 83' lang='lat' dir='ltr'><em>q</em></span> 
     </span>
     <span class='ocr_line' id='line_1_15' title="bbox 168 1419 494 1498; baseline 0 -20"><span class='ocrx_word' id='word_1_144' title='bbox 168 1419 247 1479; x_wconf 91' lang='lat' dir='ltr'><strong>ad</strong></span> <span class='ocrx_word' id='word_1_145' title='bbox 278 1420 347 1478; x_wconf 85' lang='lat' dir='ltr'><em>E</em></span> <span class='ocrx_word' id='word_1_146' title='bbox 365 1420 435 1478; x_wconf 85' lang='lat' dir='ltr'><em>F</em></span> <span class='ocrx_word' id='word_1_147' title='bbox 440 1441 494 1498; x_wconf 81' lang='lat' dir='ltr'><strong>q.</strong></span> 
     </span>
    </p>

    <p class='ocr_par' dir='ltr' id='par_1_4' title="bbox 169 1514 2610 2781">
     <span class='ocr_line' id='line_1_16' title="bbox 283 1514 2603 1597; baseline 0.001 -22"><span class='ocrx_word' id='word_1_148' title='bbox 283 1516 613 1597; x_wconf 89' lang='lat' dir='ltr'><strong>Augeatur</strong></span> <span class='ocrx_word' id='word_1_149' title='bbox 657 1514 1002 1595; x_wconf 91' lang='lat' dir='ltr'><strong>amplitudo</strong></span> <span class='ocrx_word' id='word_1_150' title='bbox 1050 1515 1279 1576; x_wconf 90' lang='lat' dir='ltr'><strong>canalis</strong></span> <span class='ocrx_word' id='word_1_151' title='bbox 1330 1517 1389 1576; x_wconf 92' lang='lat' dir='ltr'><strong>in</strong></span> <span class='ocrx_word' id='word_1_152' title='bbox 1441 1517 1785 1577; x_wconf 88' lang='lat' dir='ltr'><strong>infinitum:</strong></span> <span class='ocrx_word' id='word_1_153' title='bbox 1841 1517 1900 1576; x_wconf 83' lang='lat'>&amp;</span> <span class='ocrx_word' id='word_1_154' title='bbox 1953 1517 2220 1577; x_wconf 84' lang='lat' dir='ltr'><strong>rationes</strong></span> <span class='ocrx_word' id='word_1_155' title='bbox 2276 1515 2392 1576; x_wconf 82' lang='lat' dir='ltr'><strong>illae</strong></span> <span class='ocrx_word' id='word_1_156' title='bbox 2446 1517 2603 1577; x_wconf 90' lang='lat' dir='ltr'><strong>inter</strong></span> 
     </span>
     <span class='ocr_line' id='line_1_17' title="bbox 169 1613 2602 1693; baseline 0.001 -21"><span class='ocrx_word' id='word_1_157' title='bbox 169 1613 602 1693; x_wconf 82' lang='lat' dir='ltr'><em>EFq-PQq</em></span> <span class='ocrx_word' id='word_1_158' title='bbox 632 1613 691 1673; x_wconf 83' lang='lat'>&amp;</span> <span class='ocrx_word' id='word_1_159' title='bbox 721 1614 914 1692; x_wconf 82' lang='lat' dir='ltr'><strong>EFq,</strong></span> <span class='ocrx_word' id='word_1_160' title='bbox 950 1613 1233 1692; x_wconf 92' lang='lat' dir='ltr'><strong>interque</strong></span> <span class='ocrx_word' id='word_1_161' title='bbox 1262 1615 1427 1693; x_wconf 78' lang='lat' dir='ltr'><strong>EFq</strong></span> <span class='ocrx_word' id='word_1_162' title='bbox 1458 1614 1517 1673; x_wconf 84' lang='lat'>&amp;</span> <span class='ocrx_word' id='word_1_163' title='bbox 1547 1615 1709 1693; x_wconf 79' lang='lat' dir='ltr'><strong>EFq</strong></span> <span class='ocrx_word' id='word_1_164' title='bbox 1749 1614 2033 1693; x_wconf 46' lang='lat' dir='ltr'><em>-3PQq</em></span> <span class='ocrx_word' id='word_1_165' title='bbox 2062 1614 2358 1674; x_wconf 88' lang='lat' dir='ltr'><strong>accedent</strong></span> <span class='ocrx_word' id='word_1_166' title='bbox 2387 1613 2602 1675; x_wconf 93' lang='lat' dir='ltr'><strong>ultimo</strong></span> 
     </span>
     <span class='ocr_line' id='line_1_18' title="bbox 170 1713 2607 1794; baseline -0 -20"><span class='ocrx_word' id='word_1_167' title='bbox 170 1714 250 1774; x_wconf 90' lang='lat' dir='ltr'><strong>ad</strong></span> <span class='ocrx_word' id='word_1_168' title='bbox 282 1715 548 1775; x_wconf 88' lang='lat' dir='ltr'><strong>rationes</strong></span> <span class='ocrx_word' id='word_1_169' title='bbox 580 1713 963 1794; x_wconf 78' lang='lat' dir='ltr'><strong>aequalitatiS.</strong></span> <span class='ocrx_word' id='word_1_170' title='bbox 1089 1714 1176 1774; x_wconf 87' lang='lat' dir='ltr'><strong>Et</strong></span> <span class='ocrx_word' id='word_1_171' title='bbox 1219 1727 1548 1792; x_wconf 91' lang='lat' dir='ltr'><strong>propterea</strong></span> <span class='ocrx_word' id='word_1_172' title='bbox 1592 1713 1886 1774; x_wconf 87' lang='lat' dir='ltr'><strong>velocitas</strong></span> <span class='ocrx_word' id='word_1_173' title='bbox 1932 1713 2152 1773; x_wconf 91' lang='lat' dir='ltr'><strong>circelli</strong></span> <span class='ocrx_word' id='word_1_174' title='bbox 2198 1736 2271 1773; x_wconf 91' lang='lat' dir='ltr'><strong>ea</strong></span> <span class='ocrx_word' id='word_1_175' title='bbox 2302 1735 2462 1774; x_wconf 94' lang='lat' dir='ltr'><strong>nunc</strong></span> <span class='ocrx_word' id='word_1_176' title='bbox 2493 1715 2607 1773; x_wconf 91' lang='lat' dir='ltr'><strong>erit</strong></span> 
     </span>
     <span class='ocr_line' id='line_1_19' title="bbox 170 1810 2607 1892; baseline -0.001 -20"><span class='ocrx_word' id='word_1_177' title='bbox 170 1833 358 1892; x_wconf 90' lang='lat' dir='ltr'><strong>quam</strong></span> <span class='ocrx_word' id='word_1_178' title='bbox 389 1834 551 1891; x_wconf 91' lang='lat' dir='ltr'><strong>aqua</strong></span> <span class='ocrx_word' id='word_1_179' title='bbox 581 1812 861 1872; x_wconf 89' lang='lat' dir='ltr'><strong>cadendo</strong></span> <span class='ocrx_word' id='word_1_180' title='bbox 894 1811 953 1871; x_wconf 70' lang='grc' dir='ltr'>ἃ</span> <span class='ocrx_word' id='word_1_181' title='bbox 984 1833 1127 1870; x_wconf 91' lang='lat' dir='ltr'><strong>casu</strong></span> <span class='ocrx_word' id='word_1_182' title='bbox 1160 1833 1274 1871; x_wconf 90' lang='lat' dir='ltr'><strong>suo</strong></span> <span class='ocrx_word' id='word_1_183' title='bbox 1304 1812 1712 1871; x_wconf 91' lang='lat' dir='ltr'><strong>describendo</strong></span> <span class='ocrx_word' id='word_1_184' title='bbox 1742 1810 2128 1870; x_wconf 87' lang='lat' dir='ltr'><strong>altitudinem</strong></span> <span class='ocrx_word' id='word_1_185' title='bbox 2158 1813 2207 1870; x_wconf 86' lang='lat' dir='ltr'><em>J</em></span> <span class='ocrx_word' id='word_1_186' title='bbox 2206 1812 2265 1870; x_wconf 82' lang='lat' dir='ltr'><em>G</em></span> <span class='ocrx_word' id='word_1_187' title='bbox 2294 1812 2607 1890; x_wconf 88' lang='lat' dir='ltr'><strong>acquirere</strong></span> 
     </span>
     <span class='ocr_line' id='line_1_20' title="bbox 171 1909 2606 1994; baseline -0.002 -21"><span class='ocrx_word' id='word_1_188' title='bbox 171 1926 392 1994; x_wconf 89' lang='lat' dir='ltr'><strong>potest,</strong></span> <span class='ocrx_word' id='word_1_189' title='bbox 447 1912 796 1972; x_wconf 89' lang='lat' dir='ltr'><strong>resistentia</strong></span> <span class='ocrx_word' id='word_1_190' title='bbox 847 1933 997 1971; x_wconf 88' lang='lat' dir='ltr'><strong>vero</strong></span> <span class='ocrx_word' id='word_1_191' title='bbox 1049 1912 1181 1991; x_wconf 90' lang='lat' dir='ltr'><strong>ejus</strong></span> <span class='ocrx_word' id='word_1_192' title='bbox 1230 1910 1486 1990; x_wconf 82' lang='lat' dir='ltr'><strong>aequalis</strong></span> <span class='ocrx_word' id='word_1_193' title='bbox 1535 1911 1761 1970; x_wconf 87' lang='lat' dir='ltr'><strong>evadet</strong></span> <span class='ocrx_word' id='word_1_194' title='bbox 1809 1911 2066 1989; x_wconf 88' lang='lat' dir='ltr'><strong>ponderi</strong></span> <span class='ocrx_word' id='word_1_195' title='bbox 2120 1909 2375 1989; x_wconf 92' lang='lat' dir='ltr'><strong>cylindri</strong></span> <span class='ocrx_word' id='word_1_196' title='bbox 2436 1911 2606 1990; x_wconf 90' lang='lat' dir='ltr'><strong>cujus</strong></span> 
     </span>
     <span class='ocr_line' id='line_1_21' title="bbox 170 2008 2607 2078; baseline -0.003 -4"><span class='ocrx_word' id='word_1_197' title='bbox 170 2014 336 2074; x_wconf 89' lang='lat' dir='ltr'><strong>basis</strong></span> <span class='ocrx_word' id='word_1_198' title='bbox 389 2027 484 2073; x_wconf 90' lang='lat' dir='ltr'><strong>est</strong></span> <span class='ocrx_word' id='word_1_199' title='bbox 534 2012 809 2073; x_wconf 89' lang='lat' dir='ltr'><strong>circellus</strong></span> <span class='ocrx_word' id='word_1_200' title='bbox 863 2010 962 2072; x_wconf 92' lang='lat' dir='ltr'><strong>ille</strong></span> <span class='ocrx_word' id='word_1_201' title='bbox 1015 2011 1075 2071; x_wconf 68' lang='grc' dir='ltr'>ἃ</span> <span class='ocrx_word' id='word_1_202' title='bbox 1127 2010 1388 2071; x_wconf 91' lang='lat' dir='ltr'><strong>altitudo</strong></span> <span class='ocrx_word' id='word_1_203' title='bbox 1447 2011 1770 2069; x_wconf 90' lang='lat' dir='ltr'><strong>dimidium</strong></span> <span class='ocrx_word' id='word_1_204' title='bbox 1830 2022 1926 2069; x_wconf 93' lang='lat' dir='ltr'><strong>est</strong></span> <span class='ocrx_word' id='word_1_205' title='bbox 1972 2008 2309 2068; x_wconf 92' lang='lat' dir='ltr'><strong>altitudinis</strong></span> <span class='ocrx_word' id='word_1_206' title='bbox 2367 2009 2415 2067; x_wconf 86' lang='lat' dir='ltr'><em>J</em></span> <span class='ocrx_word' id='word_1_207' title='bbox 2437 2009 2509 2078; x_wconf 83' lang='lat' dir='ltr'><strong>G,</strong></span> <span class='ocrx_word' id='word_1_208' title='bbox 2571 2029 2607 2066; x_wconf 90' lang='lat' dir='ltr'><strong>a</strong></span> 
     </span>
     <span class='ocr_line' id='line_1_22' title="bbox 173 2106 2607 2191; baseline -0.003 -20"><span class='ocrx_word' id='word_1_209' title='bbox 173 2134 297 2191; x_wconf 90' lang='lat' dir='ltr'><strong>qua</strong></span> <span class='ocrx_word' id='word_1_210' title='bbox 325 2110 637 2190; x_wconf 88' lang='lat' dir='ltr'><strong>cylindrus</strong></span> <span class='ocrx_word' id='word_1_211' title='bbox 669 2111 889 2170; x_wconf 91' lang='lat' dir='ltr'><strong>cadere</strong></span> <span class='ocrx_word' id='word_1_212' title='bbox 920 2110 1108 2170; x_wconf 93' lang='lat' dir='ltr'><strong>debet</strong></span> <span class='ocrx_word' id='word_1_213' title='bbox 1131 2122 1198 2168; x_wconf 91' lang='lat' dir='ltr'><strong>ut</strong></span> <span class='ocrx_word' id='word_1_214' title='bbox 1221 2107 1613 2169; x_wconf 90' lang='lat' dir='ltr'><strong>velocitatem</strong></span> <span class='ocrx_word' id='word_1_215' title='bbox 1638 2106 1857 2167; x_wconf 91' lang='lat' dir='ltr'><strong>circelli</strong></span> <span class='ocrx_word' id='word_1_216' title='bbox 1889 2106 2278 2166; x_wconf 86' lang='lat' dir='ltr'><strong>ascendentis</strong></span> <span class='ocrx_word' id='word_1_217' title='bbox 2309 2106 2607 2184; x_wconf 89' lang='lat' dir='ltr'><strong>acquirat;</strong></span> 
     </span>
     <span class='ocr_line' id='line_1_23' title="bbox 174 2202 2608 2291; baseline -0.006 -17"><span class='ocrx_word' id='word_1_218' title='bbox 174 2214 234 2275; x_wconf 83' lang='lat'>&amp;</span> <span class='ocrx_word' id='word_1_219' title='bbox 265 2214 378 2273; x_wconf 89' lang='lat' dir='ltr'><strong>hac</strong></span> <span class='ocrx_word' id='word_1_220' title='bbox 409 2212 735 2273; x_wconf 89' lang='lat' dir='ltr'><strong>velocitate</strong></span> <span class='ocrx_word' id='word_1_221' title='bbox 768 2211 1092 2291; x_wconf 83' lang='lat' dir='ltr'><strong>cylindruS,</strong></span> <span class='ocrx_word' id='word_1_222' title='bbox 1127 2224 1407 2287; x_wconf 89' lang='lat' dir='ltr'><strong>tempore</strong></span> <span class='ocrx_word' id='word_1_223' title='bbox 1438 2207 1716 2280; x_wconf 87' lang='lat' dir='ltr'><strong>cadendi,</strong></span> <span class='ocrx_word' id='word_1_224' title='bbox 1752 2204 2162 2285; x_wconf 91' lang='lat' dir='ltr'><strong>quadruplum</strong></span> <span class='ocrx_word' id='word_1_225' title='bbox 2207 2202 2608 2283; x_wconf 85' lang='lat' dir='ltr'><strong>longitudinis</strong></span> 
     </span>
     <span class='ocr_line' id='line_1_24' title="bbox 172 2302 2607 2386; baseline -0.005 -14"><span class='ocrx_word' id='word_1_226' title='bbox 172 2333 302 2372; x_wconf 86' lang='lat' dir='ltr'><strong>suae</strong></span> <span class='ocrx_word' id='word_1_227' title='bbox 336 2311 659 2371; x_wconf 90' lang='lat' dir='ltr'><strong>describet.</strong></span> <span class='ocrx_word' id='word_1_228' title='bbox 783 2309 1163 2370; x_wconf 89' lang='lat' dir='ltr'><strong>Resistentia</strong></span> <span class='ocrx_word' id='word_1_229' title='bbox 1207 2321 1413 2367; x_wconf 89' lang='lat' dir='ltr'><strong>autem</strong></span> <span class='ocrx_word' id='word_1_230' title='bbox 1446 2305 1721 2386; x_wconf 86' lang='lat' dir='ltr'><strong>cylindri,</strong></span> <span class='ocrx_word' id='word_1_231' title='bbox 1755 2305 1869 2364; x_wconf 91' lang='lat' dir='ltr'><strong>hac</strong></span> <span class='ocrx_word' id='word_1_232' title='bbox 1913 2302 2239 2363; x_wconf 89' lang='lat' dir='ltr'><strong>velocitate</strong></span> <span class='ocrx_word' id='word_1_233' title='bbox 2270 2302 2607 2361; x_wconf 88' lang='lat' dir='ltr'><strong>secundum</strong></span> 
     </span>
     <span class='ocr_line' id='line_1_25' title="bbox 172 2399 2607 2491; baseline -0.005 -20"><span class='ocrx_word' id='word_1_234' title='bbox 172 2409 625 2491; x_wconf 87' lang='lat' dir='ltr'><strong>longitudinem</strong></span> <span class='ocrx_word' id='word_1_235' title='bbox 670 2431 846 2470; x_wconf 89' lang='lat' dir='ltr'><strong>suam</strong></span> <span class='ocrx_word' id='word_1_236' title='bbox 893 2408 1362 2489; x_wconf 83' lang='lat' dir='ltr'><strong>progredientiS,</strong></span> <span class='ocrx_word' id='word_1_237' title='bbox 1410 2406 1628 2466; x_wconf 90' lang='lat' dir='ltr'><strong>eadem</strong></span> <span class='ocrx_word' id='word_1_238' title='bbox 1675 2417 1770 2464; x_wconf 87' lang='lat' dir='ltr'><strong>est</strong></span> <span class='ocrx_word' id='word_1_239' title='bbox 1814 2425 1952 2471; x_wconf 87' lang='lat' dir='ltr'><strong>cum</strong></span> <span class='ocrx_word' id='word_1_240' title='bbox 1998 2402 2343 2473; x_wconf 87' lang='lat' dir='ltr'><strong>resistentia</strong></span> <span class='ocrx_word' id='word_1_241' title='bbox 2387 2399 2607 2460; x_wconf 92' lang='lat' dir='ltr'><strong>circelli</strong></span> 
     </span>
     <span class='ocr_line' id='line_1_26' title="bbox 179 2500 2610 2590; baseline -0.005 -21"><span class='ocrx_word' id='word_1_242' title='bbox 179 2507 314 2590; x_wconf 87' lang='lat' dir='ltr'><strong>(per</strong></span> <span class='ocrx_word' id='word_1_243' title='bbox 369 2507 596 2568; x_wconf 90' lang='lat' dir='ltr'><strong>lemma</strong></span> <span class='ocrx_word' id='word_1_244' title='bbox 654 2508 740 2589; x_wconf 87' lang='lat' dir='ltr'><strong>IV)</strong></span> <span class='ocrx_word' id='word_1_245' title='bbox 804 2508 1070 2587; x_wconf 90' lang='lat' dir='ltr'><strong>ideoque</strong></span> <span class='ocrx_word' id='word_1_246' title='bbox 1129 2505 1385 2585; x_wconf 82' lang='lat' dir='ltr'><strong>aequalis</strong></span> <span class='ocrx_word' id='word_1_247' title='bbox 1444 2520 1539 2564; x_wconf 89' lang='lat' dir='ltr'><strong>est</strong></span> <span class='ocrx_word' id='word_1_248' title='bbox 1596 2504 1658 2563; x_wconf 92' lang='lat' dir='ltr'><strong>vi</strong></span> <span class='ocrx_word' id='word_1_249' title='bbox 1719 2524 1841 2581; x_wconf 90' lang='lat' dir='ltr'><strong>qua</strong></span> <span class='ocrx_word' id='word_1_250' title='bbox 1905 2515 2108 2561; x_wconf 92' lang='lat' dir='ltr'><strong>motus</strong></span> <span class='ocrx_word' id='word_1_251' title='bbox 2166 2501 2314 2579; x_wconf 84' lang='lat' dir='ltr'><strong>ejuS,</strong></span> <span class='ocrx_word' id='word_1_252' title='bbox 2377 2500 2610 2559; x_wconf 89' lang='lat' dir='ltr'><strong>interea</strong></span> 
     </span>
     <span class='ocr_line' id='line_1_27' title="bbox 175 2598 2609 2686; baseline -0.004 -21"><span class='ocrx_word' id='word_1_253' title='bbox 175 2606 324 2665; x_wconf 91' lang='lat' dir='ltr'><strong>dum</strong></span> <span class='ocrx_word' id='word_1_254' title='bbox 411 2604 824 2686; x_wconf 91' lang='lat' dir='ltr'><strong>quadruplum</strong></span> <span class='ocrx_word' id='word_1_255' title='bbox 911 2604 1315 2686; x_wconf 86' lang='lat' dir='ltr'><strong>longitudinis</strong></span> <span class='ocrx_word' id='word_1_256' title='bbox 1403 2624 1531 2661; x_wconf 76' lang='lat' dir='ltr'><strong>suae</strong></span> <span class='ocrx_word' id='word_1_257' title='bbox 1619 2600 1924 2670; x_wconf 89' lang='lat' dir='ltr'><strong>describit,</strong></span> <span class='ocrx_word' id='word_1_258' title='bbox 2013 2598 2293 2678; x_wconf 89' lang='lat' dir='ltr'><strong>generari</strong></span> <span class='ocrx_word' id='word_1_259' title='bbox 2401 2610 2609 2676; x_wconf 92' lang='lat' dir='ltr'><strong>potest</strong></span> 
     </span>
     <span class='ocr_line' id='line_1_28' title="bbox 175 2703 658 2781; baseline 0.004 -20"><span class='ocrx_word' id='word_1_260' title='bbox 175 2703 658 2781; x_wconf 86' lang='lat' dir='ltr'><strong>quamproxime.</strong></span> 
     </span>
    </p>

    <p class='ocr_par' dir='ltr' id='par_1_5' title="bbox 88 2790 2612 3366">
     <span class='ocr_line' id='line_1_29' title="bbox 288 2790 2611 2880; baseline -0.004 -21"><span class='ocrx_word' id='word_1_261' title='bbox 288 2799 357 2859; x_wconf 86' lang='lat' dir='ltr'><strong>Si</strong></span> <span class='ocrx_word' id='word_1_262' title='bbox 409 2798 733 2880; x_wconf 92' lang='lat' dir='ltr'><strong>longitudo</strong></span> <span class='ocrx_word' id='word_1_263' title='bbox 784 2797 1042 2877; x_wconf 91' lang='lat' dir='ltr'><strong>cylindri</strong></span> <span class='ocrx_word' id='word_1_264' title='bbox 1095 2809 1397 2877; x_wconf 88' lang='lat' dir='ltr'><strong>augeatur</strong></span> <span class='ocrx_word' id='word_1_265' title='bbox 1446 2794 1545 2855; x_wconf 92' lang='lat' dir='ltr'><strong>vel</strong></span> <span class='ocrx_word' id='word_1_266' title='bbox 1600 2795 1950 2853; x_wconf 89' lang='lat' dir='ltr'><strong>minuatur:</strong></span> <span class='ocrx_word' id='word_1_267' title='bbox 2004 2806 2208 2852; x_wconf 92' lang='lat' dir='ltr'><strong>motus</strong></span> <span class='ocrx_word' id='word_1_268' title='bbox 2260 2792 2394 2872; x_wconf 90' lang='lat' dir='ltr'><strong>ejus</strong></span> <span class='ocrx_word' id='word_1_269' title='bbox 2438 2803 2507 2849; x_wconf 88' lang='lat' dir='ltr'><strong>ut</strong></span> <span class='ocrx_word' id='word_1_270' title='bbox 2551 2790 2611 2849; x_wconf 86' lang='lat'>&amp;</span> 
     </span>
     <span class='ocr_line' id='line_1_30' title="bbox 176 2886 2610 2976; baseline -0.005 -20"><span class='ocrx_word' id='word_1_271' title='bbox 176 2909 436 2975; x_wconf 85' lang='lat' dir='ltr'><strong>tempuS,</strong></span> <span class='ocrx_word' id='word_1_272' title='bbox 492 2918 617 2976; x_wconf 92' lang='lat' dir='ltr'><strong>quo</strong></span> <span class='ocrx_word' id='word_1_273' title='bbox 669 2895 1084 2976; x_wconf 91' lang='lat' dir='ltr'><strong>quadruplum</strong></span> <span class='ocrx_word' id='word_1_274' title='bbox 1144 2894 1546 2975; x_wconf 89' lang='lat' dir='ltr'><strong>longitudinis</strong></span> <span class='ocrx_word' id='word_1_275' title='bbox 1598 2914 1727 2952; x_wconf 78' lang='lat' dir='ltr'><strong>suae</strong></span> <span class='ocrx_word' id='word_1_276' title='bbox 1780 2891 2086 2960; x_wconf 90' lang='lat' dir='ltr'><strong>describit,</strong></span> <span class='ocrx_word' id='word_1_277' title='bbox 2141 2889 2468 2969; x_wconf 90' lang='lat' dir='ltr'><strong>augebitur</strong></span> <span class='ocrx_word' id='word_1_278' title='bbox 2510 2886 2610 2946; x_wconf 94' lang='lat' dir='ltr'><strong>vel</strong></span> 
     </span>
     <span class='ocr_line' id='line_1_31' title="bbox 177 2982 2610 3071; baseline -0.004 -18"><span class='ocrx_word' id='word_1_279' title='bbox 177 2988 485 3054; x_wconf 82' lang='lat' dir='ltr'><strong>minuetur</strong></span> <span class='ocrx_word' id='word_1_280' title='bbox 529 2995 588 3053; x_wconf 91' lang='lat' dir='ltr'><strong>in</strong></span> <span class='ocrx_word' id='word_1_281' title='bbox 634 2993 856 3054; x_wconf 89' lang='lat' dir='ltr'><strong>eadem</strong></span> <span class='ocrx_word' id='word_1_282' title='bbox 902 2995 1176 3066; x_wconf 91' lang='lat' dir='ltr'><strong>ratione;</strong></span> <span class='ocrx_word' id='word_1_283' title='bbox 1225 2993 1491 3071; x_wconf 91' lang='lat' dir='ltr'><strong>ideoque</strong></span> <span class='ocrx_word' id='word_1_284' title='bbox 1535 2992 1630 3050; x_wconf 90' lang='lat' dir='ltr'><strong>vis</strong></span> <span class='ocrx_word' id='word_1_285' title='bbox 1677 2989 1794 3064; x_wconf 88' lang='lat' dir='ltr'><strong>illa,</strong></span> <span class='ocrx_word' id='word_1_286' title='bbox 1834 3011 1957 3068; x_wconf 93' lang='lat' dir='ltr'><strong>qua</strong></span> <span class='ocrx_word' id='word_1_287' title='bbox 2001 3001 2207 3048; x_wconf 90' lang='lat' dir='ltr'><strong>motus</strong></span> <span class='ocrx_word' id='word_1_288' title='bbox 2252 2998 2465 3045; x_wconf 89' lang='lat' dir='ltr'><strong>auctus</strong></span> <span class='ocrx_word' id='word_1_289' title='bbox 2509 2982 2610 3043; x_wconf 95' lang='lat' dir='ltr'><strong>vel</strong></span> 
     </span>
     <span class='ocr_line' id='line_1_32' title="bbox 177 3080 2610 3170; baseline -0.005 -18"><span class='ocrx_word' id='word_1_290' title='bbox 177 3091 530 3162; x_wconf 81' lang='lat' dir='ltr'><strong>diminutuS,</strong></span> <span class='ocrx_word' id='word_1_291' title='bbox 585 3104 865 3170; x_wconf 91' lang='lat' dir='ltr'><strong>tempore</strong></span> <span class='ocrx_word' id='word_1_292' title='bbox 918 3092 1147 3170; x_wconf 90' lang='lat' dir='ltr'><strong>pariter</strong></span> <span class='ocrx_word' id='word_1_293' title='bbox 1203 3104 1385 3150; x_wconf 92' lang='lat' dir='ltr'><strong>aucto</strong></span> <span class='ocrx_word' id='word_1_294' title='bbox 1444 3088 1544 3149; x_wconf 92' lang='lat' dir='ltr'><strong>vel</strong></span> <span class='ocrx_word' id='word_1_295' title='bbox 1605 3089 1927 3160; x_wconf 90' lang='lat' dir='ltr'><strong>diminuto,</strong></span> <span class='ocrx_word' id='word_1_296' title='bbox 1980 3085 2264 3166; x_wconf 89' lang='lat' dir='ltr'><strong>generari</strong></span> <span class='ocrx_word' id='word_1_297' title='bbox 2323 3081 2422 3142; x_wconf 93' lang='lat' dir='ltr'><strong>vel</strong></span> <span class='ocrx_word' id='word_1_298' title='bbox 2482 3080 2610 3141; x_wconf 95' lang='lat' dir='ltr'><strong>tolli</strong></span> 
     </span>
     <span class='ocr_line' id='line_1_33' title="bbox 88 3179 2612 3267; baseline -0.005 -18"><span class='ocrx_word' id='word_1_299' title='bbox 88 3223 90 3226; x_wconf 57' lang='lat'>&gt;</span> <span class='ocrx_word' id='word_1_300' title='bbox 177 3188 386 3267; x_wconf 89' lang='lat' dir='ltr'><strong>possit,</strong></span> <span class='ocrx_word' id='word_1_301' title='bbox 422 3209 544 3248; x_wconf 91' lang='lat' dir='ltr'><strong>non</strong></span> <span class='ocrx_word' id='word_1_302' title='bbox 590 3189 959 3260; x_wconf 89' lang='lat' dir='ltr'><strong>mutabitur;</strong></span> <span class='ocrx_word' id='word_1_303' title='bbox 1006 3209 1078 3247; x_wconf 91' lang='lat' dir='ltr'><strong>ac</strong></span> <span class='ocrx_word' id='word_1_304' title='bbox 1122 3187 1384 3266; x_wconf 91' lang='lat' dir='ltr'><strong>proinde</strong></span> <span class='ocrx_word' id='word_1_305' title='bbox 1429 3186 1767 3245; x_wconf 90' lang='lat' dir='ltr'><strong>etiamnum</strong></span> <span class='ocrx_word' id='word_1_306' title='bbox 1813 3182 2068 3262; x_wconf 78' lang='lat' dir='ltr'><strong>aequalis</strong></span> <span class='ocrx_word' id='word_1_307' title='bbox 2113 3194 2208 3241; x_wconf 92' lang='lat' dir='ltr'><strong>est</strong></span> <span class='ocrx_word' id='word_1_308' title='bbox 2252 3179 2612 3240; x_wconf 82' lang='lat' dir='ltr'><strong>resistentiae</strong></span> 
     </span>
     <span class='ocr_line' id='line_1_34' title="bbox 178 3281 2271 3366; baseline -0.004 -20"><span class='ocrx_word' id='word_1_309' title='bbox 178 3285 451 3365; x_wconf 90' lang='lat' dir='ltr'><strong>cylindri,</strong></span> <span class='ocrx_word' id='word_1_310' title='bbox 485 3309 628 3346; x_wconf 89' lang='lat' dir='ltr'><strong>nam</strong></span> <span class='ocrx_word' id='word_1_311' title='bbox 661 3288 721 3347; x_wconf 85' lang='lat'>&amp;</span> <span class='ocrx_word' id='word_1_312' title='bbox 752 3288 886 3347; x_wconf 82' lang='lat' dir='ltr'><strong>haec</strong></span> <span class='ocrx_word' id='word_1_313' title='bbox 916 3309 1167 3366; x_wconf 93' lang='lat' dir='ltr'><strong>quoque</strong></span> <span class='ocrx_word' id='word_1_314' title='bbox 1199 3287 1522 3351; x_wconf 85' lang='lat' dir='ltr'><strong>immutata</strong></span> <span class='ocrx_word' id='word_1_315' title='bbox 1553 3298 1763 3343; x_wconf 90' lang='lat' dir='ltr'><strong>manet</strong></span> <span class='ocrx_word' id='word_1_316' title='bbox 1793 3304 1905 3361; x_wconf 94' lang='lat' dir='ltr'><strong>per</strong></span> <span class='ocrx_word' id='word_1_317' title='bbox 1938 3281 2164 3341; x_wconf 92' lang='lat' dir='ltr'><strong>lemma</strong></span> <span class='ocrx_word' id='word_1_318' title='bbox 2194 3299 2271 3339; x_wconf 85' lang='lat' dir='ltr'><strong>IV.</strong></span> 
     </span>
    </p>

    <p class='ocr_par' dir='ltr' id='par_1_6' title="bbox 179 3375 2611 3757">
     <span class='ocr_line' id='line_1_35' title="bbox 290 3375 2611 3465; baseline -0.006 -19"><span class='ocrx_word' id='word_1_319' title='bbox 290 3385 360 3445; x_wconf 87' lang='lat' dir='ltr'><strong>Si</strong></span> <span class='ocrx_word' id='word_1_320' title='bbox 391 3386 665 3446; x_wconf 89' lang='lat' dir='ltr'><strong>densitas</strong></span> <span class='ocrx_word' id='word_1_321' title='bbox 696 3385 954 3465; x_wconf 91' lang='lat' dir='ltr'><strong>cylindri</strong></span> <span class='ocrx_word' id='word_1_322' title='bbox 986 3398 1287 3465; x_wconf 89' lang='lat' dir='ltr'><strong>augeatur</strong></span> <span class='ocrx_word' id='word_1_323' title='bbox 1330 3382 1430 3443; x_wconf 92' lang='lat' dir='ltr'><strong>vel</strong></span> <span class='ocrx_word' id='word_1_324' title='bbox 1476 3383 1830 3441; x_wconf 88' lang='lat' dir='ltr'><strong>minuatur:</strong></span> <span class='ocrx_word' id='word_1_325' title='bbox 1878 3394 2080 3440; x_wconf 90' lang='lat' dir='ltr'><strong>motus</strong></span> <span class='ocrx_word' id='word_1_326' title='bbox 2126 3380 2257 3459; x_wconf 89' lang='lat' dir='ltr'><strong>ejus</strong></span> <span class='ocrx_word' id='word_1_327' title='bbox 2303 3390 2371 3436; x_wconf 94' lang='lat' dir='ltr'><strong>ut</strong></span> <span class='ocrx_word' id='word_1_328' title='bbox 2415 3376 2474 3435; x_wconf 86' lang='lat'>&amp;</span> <span class='ocrx_word' id='word_1_329' title='bbox 2517 3375 2611 3433; x_wconf 92' lang='lat' dir='ltr'><strong>vis</strong></span> 
     </span>
     <span class='ocr_line' id='line_1_36' title="bbox 179 3473 2611 3562; baseline -0.005 -22"><span class='ocrx_word' id='word_1_330' title='bbox 179 3502 302 3560; x_wconf 90' lang='lat' dir='ltr'><strong>qua</strong></span> <span class='ocrx_word' id='word_1_331' title='bbox 332 3495 535 3542; x_wconf 90' lang='lat' dir='ltr'><strong>motus</strong></span> <span class='ocrx_word' id='word_1_332' title='bbox 567 3483 789 3543; x_wconf 91' lang='lat' dir='ltr'><strong>eodem</strong></span> <span class='ocrx_word' id='word_1_333' title='bbox 821 3496 1101 3560; x_wconf 91' lang='lat' dir='ltr'><strong>tempore</strong></span> <span class='ocrx_word' id='word_1_334' title='bbox 1131 3480 1414 3562; x_wconf 88' lang='lat' dir='ltr'><strong>generari</strong></span> <span class='ocrx_word' id='word_1_335' title='bbox 1446 3477 1545 3538; x_wconf 93' lang='lat' dir='ltr'><strong>vel</strong></span> <span class='ocrx_word' id='word_1_336' title='bbox 1592 3477 1720 3538; x_wconf 91' lang='lat' dir='ltr'><strong>tolli</strong></span> <span class='ocrx_word' id='word_1_337' title='bbox 1767 3490 1987 3556; x_wconf 89' lang='lat' dir='ltr'><strong>potest,</strong></span> <span class='ocrx_word' id='word_1_338' title='bbox 2022 3477 2081 3534; x_wconf 92' lang='lat' dir='ltr'><strong>in</strong></span> <span class='ocrx_word' id='word_1_339' title='bbox 2114 3475 2332 3535; x_wconf 90' lang='lat' dir='ltr'><strong>eadem</strong></span> <span class='ocrx_word' id='word_1_340' title='bbox 2377 3473 2611 3532; x_wconf 91' lang='lat' dir='ltr'><strong>ratione</strong></span> 
     </span>
     <span class='ocr_line' id='line_1_37' title="bbox 179 3571 2610 3659; baseline -0.005 -23"><span class='ocrx_word' id='word_1_341' title='bbox 179 3579 505 3659; x_wconf 90' lang='lat' dir='ltr'><strong>augebitur</strong></span> <span class='ocrx_word' id='word_1_342' title='bbox 561 3578 661 3640; x_wconf 89' lang='lat' dir='ltr'><strong>vel</strong></span> <span class='ocrx_word' id='word_1_343' title='bbox 722 3579 1046 3638; x_wconf 90' lang='lat' dir='ltr'><strong>minuetur.</strong></span> <span class='ocrx_word' id='word_1_344' title='bbox 1172 3576 1551 3637; x_wconf 88' lang='lat' dir='ltr'><strong>Resistentia</strong></span> <span class='ocrx_word' id='word_1_345' title='bbox 1611 3576 1820 3653; x_wconf 90' lang='lat' dir='ltr'><strong>itaque</strong></span> <span class='ocrx_word' id='word_1_346' title='bbox 1879 3571 2135 3652; x_wconf 93' lang='lat' dir='ltr'><strong>cylindri</strong></span> <span class='ocrx_word' id='word_1_347' title='bbox 2197 3572 2610 3649; x_wconf 87' lang='lat' dir='ltr'><strong>cujuscunque</strong></span> 
     </span>
     <span class='ocr_line' id='line_1_38' title="bbox 179 3662 2608 3757; baseline -0.007 -20"><span class='ocrx_word' id='word_1_348' title='bbox 179 3679 295 3738; x_wconf 88' lang='lat' dir='ltr'><strong>erit</strong></span> <span class='ocrx_word' id='word_1_349' title='bbox 364 3680 444 3739; x_wconf 89' lang='lat' dir='ltr'><strong>ad</strong></span> <span class='ocrx_word' id='word_1_350' title='bbox 516 3680 644 3739; x_wconf 90' lang='lat' dir='ltr'><strong>vim</strong></span> <span class='ocrx_word' id='word_1_351' title='bbox 719 3700 843 3757; x_wconf 93' lang='lat' dir='ltr'><strong>qua</strong></span> <span class='ocrx_word' id='word_1_352' title='bbox 922 3691 1089 3738; x_wconf 89' lang='lat' dir='ltr'><strong>totus</strong></span> <span class='ocrx_word' id='word_1_353' title='bbox 1162 3677 1295 3756; x_wconf 86' lang='lat' dir='ltr'><strong>ejus</strong></span> <span class='ocrx_word' id='word_1_354' title='bbox 1365 3687 1585 3745; x_wconf 81' lang='lat' dir='ltr'><strong>motuS,</strong></span> <span class='ocrx_word' id='word_1_355' title='bbox 1665 3673 1900 3732; x_wconf 92' lang='lat' dir='ltr'><strong>interea</strong></span> <span class='ocrx_word' id='word_1_356' title='bbox 1974 3671 2122 3729; x_wconf 91' lang='lat' dir='ltr'><strong>dum</strong></span> <span class='ocrx_word' id='word_1_357' title='bbox 2199 3662 2608 3746; x_wconf 89' lang='lat' dir='ltr'><strong>quadruplum</strong></span> 
     </span>
    </p>
   </div>
   <div class='ocr_carea' id='block_1_4' title="bbox 1376 3832 1415 3870">
    <p class='ocr_par' dir='ltr' id='par_1_7' title="bbox 1376 3832 1415 3870">
     <span class='ocr_line' id='line_1_39' title="bbox 1376 3832 1415 3870; baseline 0 0"><span class='ocrx_word' id='word_1_358' title='bbox 1376 3832 1415 3870; x_wconf 85' lang='lat' dir='ltr'>Y</span> 
     </span>
    </p>
   </div>
  </div>
 </body>
</html>
