2852 4250
1178 85 1417 135 LIBER
1449 84 1759 134 PRIMUS.
1830 88 1835 95 ·
2566 92 2680 168 183

219 249 463 311 :eadem
506 262 605 311 est
645 244 803 311 ratio
844 246 1014 331 globi
1058 246 1290 309 annulo
1325 246 1557 319 nudati,
1590 247 1696 326 qui
1738 246 1799 307 in
1830 246 2187 327 regionibus
2218 252 2549 329 aequatoris
2578 252 2681 314 vel

237 347 419 410 altior
474 361 572 410 est
626 346 813 432 paulo
870 368 1059 427 quam
1107 347 1292 428 juxta
1346 343 1541 425 poIOS,
1600 342 1703 404 vel
1761 356 2006 404 constat
2055 365 2137 404 ex
2187 347 2445 406 materia
2494 347 2681 426 paulo

236 447 541 509 densiore.
632 444 915 526 Supplet,
962 445 1129 507 enim
1186 444 1398 518 vicem,
1445 441 1658 504 annuli
1717 442 1835 503 iste
1893 443 2169 503 materiae
2228 443 2290 502 in
2349 446 2682 523 aequatoris

222 540 592 626 vregionibus
635 565 944 605 excessuS.
1039 544 1129 603 Et
1170 562 1546 622 quanquam,
1592 552 1775 600 aucta
1817 531 2133 620 utcunque
2175 540 2346 622 globi
2391 541 2573 622 hujus
2617 542 2681 603 vi

231 643 589 723 centripeta,
655 642 914 703 tendere
976 654 1408 722 supponantur
1469 660 1687 700 omnes
1751 640 1885 720 ejus
1948 654 2158 719 partes
2221 640 2529 712 deorsum,
2597 641 2679 701 ad

233 740 492 802 modum
536 740 982 821 gravitantium
1038 740 1306 820 partium
1352 737 1601 809 telluriS‚
1649 750 1858 798 tamen
1910 737 2327 817 phaenomena
2377 737 2559 820 hujus
2619 738 2680 799 8c

229 838 639 919 praecedentis
689 836 989 899 corollarii
1041 837 1149 898 vix
1208 837 1354 898 inde
1411 835 1847 909 mutabuntur;
1908 836 2025 896 nisi
2077 836 2247 917 quod
2297 834 2434 898 loca
2484 836 2678 896 maxi-

231 956 471 996 marum
517 935 577 996 &
620 936 1012 996 minimarum
1051 933 1447 995 altitudinum
1487 954 1669 1013 aquae
1712 933 1962 995 diversa
2004 947 2200 996 erunt.
2292 934 2486 1015 Aqua
2514 935 2680 995 enim

214 1034 354 1114 'jam
399 1035 460 1094 in
505 1034 656 1095 orbe
699 1055 814 1096 suo
857 1034 1197 1094 sustinetur
1241 1032 1302 1093 &
1345 1044 1683 1112 permanet,
1717 1052 1841 1092 non
1878 1020 1992 1112 per
2019 1033 2148 1092 vim
2179 1054 2356 1092 suam
2387 1031 2676 1093 centrifu-

226 1153 391 1213 gam,
423 1132 535 1193 sed
566 1154 680 1212 per
707 1131 954 1194 alveum
987 1133 1048 1192 in
1079 1153 1206 1212 quo
1236 1131 1383 1194 fluit.
1477 1131 1565 1190 Et
1593 1143 1897 1210 praeterea
1918 1130 2014 1191 vis
2045 1132 2103 1191 L
2126 1132 2220 1191 M
2241 1131 2427 1192 trahit
2450 1153 2676 1211 aquam

226 1229 517 1290 deorsum
562 1230 831 1291 maxime
876 1231 937 1290 in
983 1231 1391 1311 quadraturiS,
1428 1229 1489 1290 &
1532 1230 1628 1290 vis
1672 1230 1754 1289 K
1763 1230 1825 1289 L
1871 1250 1981 1290 seu
2011 1230 2097 1290 N
2107 1230 2201 1288 M
2204 1230 2453 1289 -LM
2486 1230 2676 1291 trahit

226 1328 491 1389 eandem
521 1350 767 1390 sursum
792 1330 1062 1390 maxime
1093 1330 1154 1389 in
1185 1328 1471 1409 syzygiis,
1568 1328 1656 1388 Et
1685 1327 1783 1388 hae
1813 1327 1978 1387 vires
2007 1328 2356 1407 conjunctae
2387 1327 2680 1388 desinunt

225 1426 471 1488 trahere
534 1449 762 1508 aquam
826 1428 1120 1489 deorsum
1191 1427 1252 1487 &
1321 1425 1622 1505 incipiunt
1688 1425 1934 1485 trahere
2002 1447 2230 1505 aquam
2298 1446 2543 1485 sursum
2614 1426 2675 1486 in

221 1525 573 1585 octantibus
617 1539 763 1586 ante
806 1527 1109 1608 syzygias,
1156 1546 1229 1585 ac
1273 1524 1567 1585 desinunt
1611 1522 1855 1584 trahere
1899 1545 2127 1603 aquam
2172 1544 2416 1582 sursum
2463 1522 2674 1602 incipi-

223 1614 461 1702 untque
491 1622 736 1684 trahere
765 1645 994 1704 aquam
1037 1623 1330 1684 deorsum
1367 1623 1429 1682 in
1460 1621 1813 1683 octantibus
1843 1634 1988 1701 post
2017 1620 2318 1702 syzygias
2415 1620 2502 1680 Et
2533 1621 2677 1681 inde

222 1721 495 1782 maxima
537 1744 717 1802 aquae
762 1721 1024 1784 altitudo
1068 1722 1320 1783 evenire
1365 1734 1573 1801 potest
1617 1721 1679 1780 in
1724 1720 2074 1781 octantibus
2105 1731 2248 1799 post
2278 1719 2579 1799 syzygias
2616 1719 2676 1779 &

220 1817 475 1879 minima
518 1819 580 1879 in
625 1821 975 1881 octantibus
1019 1831 1162 1901 post
1192 1819 1600 1899 quadraturas
1638 1819 1908 1890 circiter;
1955 1818 2071 1877 nisi
2118 1830 2423 1897 quatenus
2468 1830 2674 1877 motus

219 1917 597 1977 ascendendi
656 1916 757 1978 vel
805 1917 1225 1979 descendendi
1277 1918 1357 1978 ab
1409 1918 1504 1977 his
1557 1918 1791 1977 viribus
1842 1917 2178 1996 impressus
2230 1914 2330 1975 vel
2383 1936 2496 1994 per
2544 1915 2673 1974 vim

222 2015 469 2076 insitam
521 2037 702 2096 aquae
754 2015 941 2096 paulo
991 2017 1224 2078 diutius
1276 2029 1654 2097 perseveret,
1707 2013 1809 2077 vel
1861 2036 1975 2094 per
2019 2013 2467 2094 impedimenta
2510 2011 2670 2074 alvei

218 2112 405 2193 paulo
435 2114 613 2174 citius
644 2115 909 2177 sistatur.

338 2212 534 2273 Corol.
588 2233 682 2274 21.
751 2213 995 2273 Eadem
1055 2214 1307 2286 ratione,
1362 2234 1487 2293 qua
1533 2212 1791 2272 materia
1840 2210 2011 2293 globi
2054 2211 2237 2292 juxta
2288 2223 2670 2289 aequatorem

0 2338 22 2406 ς
220 2308 579 2369 redundans
631 2310 819 2370 efficit
872 2324 941 2371 ut
992 2311 1139 2372 nodi
1185 2311 1628 2392 regrediantur,
1676 2323 1864 2389 atque
1911 2310 2052 2369 ideo
2097 2330 2208 2388 per
2251 2307 2431 2388 hujus
2478 2308 2669 2367 incre-

8 2467 24 2491 ..
218 2420 495 2467 mentum
548 2422 811 2489 augetur
862 2410 978 2470 iste
1030 2432 1363 2491 regressus,
1418 2431 1531 2489 per
1573 2409 2046 2479 diminutionem
2091 2427 2243 2466 vero
2287 2405 2665 2477 diminuitur,

0 2467 26 2608 ξ
217 2505 279 2565 8ι
322 2526 435 2585 per
477 2504 852 2568 ablationem
898 2507 1162 2581 tollitur;
1209 2509 1260 2568 si
1307 2508 1564 2567 materia
1609 2505 1938 2586 plusquam
1991 2505 2348 2566 redundans
2401 2502 2664 2575 tollatur,

2 2609 21 2635 κ

216 2600 334 2662 hoc
391 2615 502 2675 est,
562 2604 614 2664 si
672 2602 895 2685 globus
946 2607 1129 2687 juxta
1186 2620 1567 2687 aequatorem
1626 2603 1727 2666 vel
1787 2604 2140 2684 depressior
2198 2602 2505 2673 reddatur,
2566 2599 2667 2662 vel

214 2699 410 2760 rarior
438 2722 625 2780 quam
647 2702 830 2783 juxta
859 2702 1053 2783 polos,
1087 2706 1319 2766 orietur
1348 2718 1553 2765 motus
1586 2703 1890 2764 nodorum
1923 2702 1984 2761 in
2016 2699 2474 2780 consequentia.

334 2797 528 2860 Corol.
568 2820 662 2862 22.
717 2802 803 2863 Et
848 2802 992 2863 inde
1036 2803 1324 2875 vicissim,
1373 2825 1451 2864 ex
1497 2815 1670 2863 motu
1718 2801 2023 2862 nodorum
2069 2798 2398 2859 innotescit
2441 2796 2664 2857 consti-

6 2905 21 2932 ¹
215 2895 372 2956 tutio
413 2895 600 2978 globi.
695 2899 1009 2961 Nimirum
1053 2902 1105 2962 si
1148 2900 1373 2984 globus
1419 2900 1597 2981 polos
1642 2899 1899 2960 eosdem
1945 2911 2301 2960 constanter
2343 2909 2567 2967 servat,
2607 2895 2666 2956 δε

18 2987 21 2991 ⁴
217 3007 423 3054 motus
469 2995 539 3056 fit
582 2997 644 3056 in
688 3000 1136 3073 antecedentia,
1170 3001 1428 3061 materia
1463 3001 1646 3081 juxta
1690 3011 2072 3078 aequatorem
2118 2995 2460 3066 redundat;
2506 2994 2558 3053 si
2604 2994 2664 3053 in

8 3112 22 3135 ⁸
213 3097 674 3174 consequentia,
735 3098 958 3159 deficit.
1076 3101 1247 3161 Pone
1297 3098 1555 3181 globum
1614 3098 1985 3159 uniformem
2047 3094 2107 3155 &
2165 3094 2438 3174 perfecte
2496 3092 2663 3152 circi-

4 3174 22 3278 ?
215 3204 429 3251 natum
482 3193 543 3252 in
597 3196 813 3274 spatiis
865 3195 1072 3258 liberis
1124 3198 1326 3278 primo
1378 3198 1734 3277 quiescere;
1793 3195 1938 3256 dein
2000 3194 2234 3272 impetu
2295 3212 2667 3271 quocunque

0 3291 64 3364 ἦ.
213 3288 464 3369 oblique
516 3291 577 3351 in
630 3295 1019 3374 superficiem
1070 3317 1248 3356 suam
1299 3296 1465 3356 sacto
1516 3293 1797 3374 propelli,
1854 3292 1914 3353 &
1967 3304 2205 3351 motum
2259 3290 2404 3350 inde
2462 3289 2661 3350 conci-

1 3397 38 3435 *
213 3408 361 3466 pere
405 3390 630 3467 partim
676 3379 1049 3466 circularem,
1097 3395 1322 3474 partim
1368 3395 1429 3454 in
1476 3394 1795 3454 directum.
1918 3391 2234 3468 Quoniam
2277 3387 2502 3469 globus
2548 3389 2663 3448 iste

213 3483 294 3544 ad
324 3506 474 3545 axes
519 3508 737 3549 omnes
783 3512 895 3570 per
938 3506 1217 3552 centrum
1262 3513 1444 3552 suum
1482 3503 1874 3551 transeuntes
1907 3489 2328 3548 indifferenter
2357 3509 2424 3547 se
2456 3487 2660 3559 habet,

216 3601 418 3662 neque
468 3589 837 3667 propensior
878 3604 974 3651 est
1019 3591 1081 3651 in
1126 3611 1319 3649 unum
1365 3610 1567 3662 axem,
1616 3609 1893 3649 unumve
1937 3587 2071 3646 axis
2117 3586 2556 3664 situm-quam
2602 3584 2663 3642 in

215 3677 403 3739 alium
447 3685 767 3761 quemvis;
812 3688 1206 3768 perspicuum
1251 3700 1362 3759 est,
1410 3687 1579 3767 quod
1626 3687 1676 3746 is
1721 3707 1903 3746 axem
1948 3706 2145 3755 suurn,
2192 3684 2452 3762 axisque
2498 3679 2663 3741 incli-

217 3777 530 3842 nationem
593 3783 657 3843 vi
722 3786 972 3864 propria
1038 3806 1355 3865 nunquam
1405 3783 1699 3844 mutabit.
1837 3780 2199 3863 Impellatur
2252 3781 2386 3861 jam
2444 3778 2664 3860 globus

0 3428 33 3937 ⁴‚‘†x-···.2.722·t³.·›-„2³mn:22³1—ss
4 3362 28 3395 α.
14 3319 18 3328 -
5 3216 27 3275 ·.ν·
0 3146 16 3172 Τ
7 3071 23 3096 «κ
14 3035 25 3046 2
0 2959 24 2987 '‹
4 2781 21 2880 ww·
3 2682 15 2695 ’
7 2636 12 2643 ·
