2846 4250
1127 86 1367 135 LIBER
1407 85 1742 134 TERTIUS.
2537 97 2653 157 513
2740 122 2750 129 .

216 265 406 325 quam
434 243 791 325 superficies
821 243 1036 316 nuclei,
1070 245 1298 307 deinde
1341 245 1540 306 cauda
1582 245 1784 306 adhuc
1831 244 2012 306 altius
2059 246 2370 317 ascendat,
2402 244 2657 306 debebit

216 344 418 405 cauda
445 365 585 405 esse
614 366 803 424 quam
834 345 1156 407 rarissima.
1250 345 1338 405 Et
1381 346 1666 425 quamvis
1711 346 1793 406 ob
1836 343 2022 427 longe
2061 337 2422 407 crassiorem
2453 366 2655 405 corne-

216 454 419 503 tarum
483 442 980 523 atmosphaeram,
1041 463 1458 523 magnamque
1530 464 1855 522 corporum
1926 444 2403 525 gravitationem
2462 441 2655 503 solem

215 561 449 612 versuS‚
483 538 545 600 81
586 541 1065 620 gravitationem
1110 539 1543 618 particularum
1588 540 1745 600 ae'ris
1792 539 1852 600 &
1895 546 2198 620 vaporum
2236 541 2297 600 in
2328 561 2397 600 se
2426 553 2656 608 mutu0,

216 637 348 698 fieri
406 637 605 717 possit
662 651 731 698 ut
787 648 895 698 aer
952 638 1013 697 in
1072 637 1287 715 spatiis
1347 636 1701 697 coelestibus
1761 638 1949 718 inque
2007 652 2387 699 cometarum
2447 636 2657 696 caudis

216 756 342 796 non
387 735 547 796 adeo
592 748 894 808 rarescat;
940 735 1341 816 perexiguam
1387 748 1595 796 tamen
1640 738 2049 816 quantitatem
2080 738 2238 798 ae‘ris
2270 735 2330 796 &
2359 755 2660 814 vaporum

217 833 299 894 ad
343 834 552 894 omnia
596 832 698 893 illa
745 833 1080 893 caudarum
1126 833 1539 912 phaenomena
1582 835 1831 895 abunde
1875 836 2170 906 sufficere,
2218 857 2297 895 ex
2341 834 2456 893 hac
2499 853 2665 892 com-

217 931 541 1011 putatione
591 932 985 1010 perspicuum
1037 944 1147 991 est.
1262 931 1430 991 Nam
1485 931 1545 991 &
1585 933 1919 995 caudarum
1972 933 2229 1015 insignis
2275 932 2489 992 raritas
2542 928 2665 990 col-

216 1028 427 1110 ligitur
456 1051 535 1090 ex
565 1030 745 1089 astris
789 1051 902 1109 per
931 1051 1036 1090 eas
1067 1028 1598 1091 translucentibus,
1693 1031 2138 1111 Atmosphaera
2182 1018 2485 1091 terrestris
2529 1027 2664 1087 luce

215 1126 363 1189 solis
407 1127 745 1208 splendens
790 1129 1198 1189 crassitudine
1242 1151 1355 1188 sua
1398 1150 1734 1208 paucorum
1777 1129 2123 1189 milliarium
2157 1128 2216 1189 &
2246 1142 2412 1188 astra
2456 1127 2663 1187 omnia

221 1226 282 1287 &
327 1227 525 1306 ipsam
569 1225 780 1287 lunam
825 1228 1114 1288 obscurat
1163 1227 1223 1287 &
1269 1228 1578 1308 extinguit
1622 1228 1911 1306 penitus:
1959 1249 2071 1306 per
2118 1228 2483 1286 immensam
2514 1246 2666 1285 vero

220 1325 558 1384 caudarum
603 1326 1091 1397 crassitudinem,
1124 1324 1261 1385 luce
1306 1326 1537 1404 pariter
1580 1325 1763 1385 solari
1809 1324 2187 1395 illustratam,
2221 1337 2386 1383 astra
2416 1324 2668 1382 minima

219 1423 355 1483 sine
395 1421 686 1482 claritatis
731 1423 1105 1483 detrimento
1151 1422 1525 1483 translucere
1571 1436 1920 1483 noscuntur.
2015 1423 2243 1501 Neque
2295 1422 2489 1501 major
2535 1442 2670 1480 esse

219 1519 380 1582 solet
408 1521 742 1580 caudarum
774 1519 1176 1600 plurimarum
1222 1518 1530 1598 splendor,
1565 1542 1752 1599 quam
1799 1520 1956 1580 aeris
2003 1519 2195 1579 nostri
2241 1519 2301 1577 in
2344 1518 2673 1577 tenebroso

220 1616 502 1679 cubiculo
532 1616 858 1678 latitudine
888 1617 1064 1699 digiti
1097 1617 1278 1677 unius
1310 1617 1660 1679 duorumve
1705 1617 1906 1678 lucem
1939 1615 2084 1678 solis
2117 1617 2176 1675 in
2215 1616 2436 1697 jubare
2467 1614 2672 1675 reflec-

223 1718 433 1780 tentis,

338 1817 485 1895 Quo
515 1817 812 1897 temporis
843 1816 1046 1896 spatio
1077 1839 1276 1897 vapor
1304 1839 1342 1877 a
1372 1818 1572 1897 capite
1617 1817 1696 1877 ad
1744 1818 2074 1878 terminum
2121 1815 2335 1876 caudae
2379 1813 2676 1883 ascendit,

222 1916 512 1998 cognosci
560 1917 689 1977 fere
736 1929 944 1996 potest
988 1916 1275 1976 ducendo
1323 1929 1553 1976 rectam
1602 1938 1640 1975 a
1684 1917 1946 1976 termino
1992 1914 2205 1975 caudae
2243 1913 2322 1972 ad
2364 1910 2574 1979 solem,
2617 1910 2677 1969 &

229 2018 507 2079 notando
565 2016 769 2078 locum
829 2017 933 2076 ubi
994 2029 1160 2076 recta
1221 2014 1322 2076 illa
1374 2017 1787 2096 trajectoriam
1848 2029 2029 2076 secat.
2145 2014 2313 2073 Nam
2367 2033 2563 2090 vapor
2615 2010 2676 2069 in

224 2118 493 2178 termino
545 2116 776 2187 caudae,
824 2116 874 2175 si
924 2128 1091 2175 recta
1134 2114 1431 2174 ascendat
1465 2136 1515 2174 a
1562 2112 1708 2185 sole,
1756 2114 2091 2174 ascendere
2135 2111 2325 2190 coepit
2375 2131 2412 2168 a
2458 2108 2673 2186 capite,

225 2235 351 2295 quo
395 2227 679 2294 tempore
724 2226 909 2293 caput
953 2226 1085 2273 erat
1131 2213 1191 2272 in
1237 2210 1374 2272 loco
1421 2212 1887 2272 intersectionis
1981 2210 2073 2270 At
2103 2230 2299 2287 vapor
2343 2227 2465 2267 non
2512 2218 2678 2265 recta

225 2313 508 2373 ascendit
564 2335 603 2373 a
661 2311 809 2383 sole,
871 2312 982 2372 sed
1043 2324 1289 2372 motum·
1336 2324 1613 2382 cometae,
1669 2332 1854 2389 quem
1915 2322 2060 2369 ante
2119 2327 2443 2368 ascensum
2497 2325 2677 2364 suum

226 2411 514 2483 habebat,
548 2412 873 2473 retinendo
922 2411 983 2472 &
1027 2434 1167 2472 cum
1215 2424 1385 2472 motu
1435 2432 1729 2470 ascensus
1782 2412 1874 2470 sui
1924 2410 2191 2471 eundem
2245 2406 2678 2486 componendo

229 2510 512 2570 ascendit
542 2509 807 2590 oblique.
905 2510 1098 2570 Unde
1129 2510 1334 2571 verior
1378 2510 1493 2570 erit
1537 2504 1937 2588 problematis
1982 2507 2222 2578 solutio,
2258 2520 2325 2565 ut
2357 2517 2521 2565 recta
2559 2503 2674 2574 illa,

229 2629 372 2688 quae
405 2608 619 2668 orbem
651 2621 834 2678 secat,
856 2606 1149 2687 parallela
1179 2609 1259 2668 sit
1289 2607 1658 2689 longitudini
1691 2609 1920 2679 caudae,
1946 2607 2046 2667 vel
2080 2607 2282 2686 potius
2312 2604 2415 2685 (ob
2441 2616 2678 2663 motum

228 2704 634 2766 curvilineum
667 2705 951 2788 cometae>
986 2719 1054 2766 ut
1098 2707 1319 2767 eadem
1369 2729 1406 2766 a
1451 2706 1613 2767 linea
1658 2708 1871 2766 caudae
1916 2707 2215 2786 divergat.
2315 2703 2457 2763 Hoc
2496 2715 2678 2781 pacto

136 2880 144 2887 -
229 2803 439 2864 inveni
487 2805 655 2884 quod
701 2826 912 2884 vapor,
960 2806 1065 2885 qui
1119 2819 1252 2866 erat
1304 2806 1362 2865 in
1411 2806 1675 2866 termino
1727 2806 1941 2864 caudae
1988 2805 2150 2879 Jan.
2206 2823 2234 2861 2
2249 2820 2298 2879 5,
2345 2801 2679 2861 ascendere

229 2916 505 2982 coeperat
533 2925 571 2963 a
601 2904 803 2983 capite
833 2918 977 2965 ante
1008 2906 1147 2965 Dec.
1191 2926 1210 2964 1
1234 2926 1278 2975 1,
1314 2905 1581 2984 ideoque
1626 2925 1883 2964 ascensu
1929 2924 2042 2961 suo
2087 2913 2219 2961 toto
2250 2899 2383 2959 dies
2429 2898 2566 2977 plus
2598 2915 2674 2974 45

232 3017 715 3082 consumpserat.
810 3005 903 3065 At
933 3006 1131 3066 cauda
1163 3004 1263 3066 illa
1293 3007 1494 3066 omnis
1527 3028 1667 3086 quae
1699 3007 1838 3065 Dee.
1885 3025 1957 3065 10
1988 3003 2274 3083 apparuit
2317 3002 2681 3061 ascenderat

232 3102 436 3180 spatio
467 3102 707 3162 dierum
754 3101 992 3164 illorum
1025 3105 1305 3176 duorum,
1341 3106 1445 3185 qui
1478 3128 1513 3164 a
1546 3118 1826 3183 tempore
1871 3101 2147 3183 perihelii
2196 3114 2454 3162 cometae
2488 3100 2678 3179 elapsi

233 3199 492 3261 fuerant.
609 3201 827 3281 Vapor
885 3203 1072 3282 igitur
1122 3205 1238 3264 sub
1293 3205 1465 3264 initio
1519 3204 1579 3263 in
1633 3203 1857 3263 vicinia
1909 3201 2054 3262 solis
2103 3199 2415 3261 celerrime
2467 3221 2677 3259 ascen-

233 3296 436 3368 debat,
486 3296 546 3357 &
592 3312 812 3378 postea
863 3322 1002 3359 cum
1050 3315 1220 3362 motu
1268 3323 1379 3381 per
1427 3301 1800 3382 gravitatem
1853 3321 2027 3359 suam
2077 3319 2324 3377 semper
2369 3297 2679 3357 retardato

223 3396 569 3458 'ascendere
621 3398 955 3479 pergebat;
1021 3400 1081 3460 &
1142 3400 1540 3460 ascendendo
1592 3400 1862 3480 augebat
1920 3390 2369 3478 longitudinem
2423 3395 2676 3455 caudae:

234 3493 432 3554 cauda
475 3508 699 3567 autem,
734 3498 1031 3576 quamdiu
1080 3499 1380 3578 apparuit,
1415 3519 1493 3558 ex
1538 3519 1771 3576 vapore
1815 3497 1943 3556 fere
1990 3495 2156 3555 omni
2205 3494 2539 3563 constabat,
2574 3494 2678 3572 qui

236 3612 274 3650 a
333 3604 614 3671 tempore
673 3594 952 3673 perihelii
1005 3597 1402 3668 ascenderat;
1472 3596 1531 3656 &
1583 3615 1790 3674 vapor,
1841 3593 1945 3673 qui
1997 3592 2230 3670 primus
2282 3590 2559 3649 ascendit
2618 3589 2678 3649 ἃ

236 3689 567 3750 terminum
599 3692 814 3753 caudae
845 3694 1207 3772 composuit,
1244 3715 1366 3754 non
1406 3694 1576 3772 prius
1608 3692 1860 3753 evanuit
1890 3711 2076 3769 quam
2108 3689 2188 3748 ob
2220 3687 2468 3746 nimiam
2502 3708 2675 3746 suam

236 3800 365 3848 tam
395 3810 433 3848 a
462 3788 593 3850 sole
625 3788 966 3852 illustrante
998 3813 1184 3871 quam
1230 3792 1311 3852 ab
1341 3791 1533 3853 oculis
1580 3790 1803 3852 nostris
1848 3787 2203 3848 distantiam
2235 3785 2430 3846 videri
2476 3784 2673 3845 desiit.

1414 3896 1442 3934 2
1481 3895 1523 3934 K
