2852 4250
976 104 1092 154 DE
1124 105 1354 156 MOTU
1383 104 1814 166 CORPORUAI,
1853 106 1952 154 &a
2144 115 2146 118 ’
2563 129 2675 187 231

605 383 1230 444 PROPOSITIO
1308 383 1408 443 11.
1534 381 2135 444 THEOREMA
2231 387 2329 447 II.

243 547 324 607 Si
344 548 589 626 corpori
612 547 925 608 resistitur
963 546 1032 606 in
1076 546 1316 606 ratione
1355 545 1701 615 velocitatis,
1739 546 1820 609 ὢ*
1862 546 2019 606 idem
2060 541 2189 608 sola
2234 549 2302 608 vi
2343 549 2531 609 insita
2561 559 2686 629 per

324 659 587 719 medium
653 658 932 719 similare
999 646 1329 730 moveatur,
1388 663 1729 716 sumantur
1794 665 1998 717 autem
2057 666 2327 737 tempora
2382 662 2643 739 aequalia
2664 687 2683 722 ,·

322 770 651 830 velocitates
692 769 760 829 in
788 768 1128 847 principiis
1168 767 1559 846 singulorum
1596 773 1934 845 temporum
1976 776 2125 828 sunt
2165 769 2234 828 in
2262 770 2685 849 progressione

313 880 687 960 geometrica,
716 880 797 943 ὢ)
823 878 1025 957 spatia
1051 878 1318 958 singulis
1345 878 1709 956 temporibus
1735 878 2031 958 descripta
2060 888 2210 939 sunt
2236 888 2310 940 ut
2334 881 2677 942 velocitates,

328 1057 462 1117 Cas,
519 1077 566 1117 1,
619 1055 956 1116 Dividatur
1026 1068 1274 1135 tempus
1347 1055 1408 1114 in
1482 1053 1814 1133 particulas
1886 1056 2160 1137 aequales
2184 1081 2200 1129 ;
2275 1058 2335 1119 8(
2406 1060 2458 1118 si
2531 1060 2680 1138 ipsis

238 1151 673 1234 particularum
722 1153 909 1213 initiis
955 1165 1104 1234 agat
1150 1153 1247 1212 vis
1299 1151 1665 1211 resistentiae
1718 1152 1983 1231 impulsu
2032 1155 2228 1226 unico,
2278 1177 2419 1235 quae
2477 1157 2556 1216 sit
2613 1170 2683 1216 ut

238 1248 535 1310 velocitas
564 1272 576 1310 :
622 1250 739 1309 erit
767 1250 1233 1310 decrementum
1264 1246 1611 1307 velocitatis
1642 1247 1901 1328 singulis
1946 1252 2242 1329 temporis
2272 1251 2584 1331 particulis
2614 1267 2683 1313 ut

238 1347 459 1408 eadem
489 1345 799 1409 velocitas,
856 1346 1040 1407 ‘Sunt
1070 1367 1221 1427 ergo
1244 1343 1606 1405 velocitates
1630 1344 1993 1407 differentiis
2016 1348 2143 1407 suis
2174 1348 2680 1428 proportionaleS‚

240 1444 301 1505 8(
351 1457 680 1524 propterea
735 1442 872 1525 (per
916 1442 1055 1504 lem,
1118 1464 1139 1502 1
1196 1442 1294 1504 lib,
1339 1442 1408 1521 11)
1458 1442 1749 1502 continue
1791 1444 2296 1522 proportionales,
2419 1448 2685 1509 Proinde

236 1542 291 1602 si
323 1563 427 1626 ‘ex
471 1539 694 1621 aequali
746 1539 1183 1620 particularum
1242 1560 1501 1599 numero
1560 1554 2011 1618 componantur
2067 1555 2349 1622 tempora
2392 1545 2686 1624 quaelibet

237 1637 518 1718 aequalia,
578 1651 760 1699 erunt
825 1636 1189 1699 velocitates
1263 1638 1412 1717 ipsis
1472 1650 1823 1716 temporum
1898 1638 2099 1710 initiis,
2161 1653 2230 1700 ut
2302 1643 2545 1702 termini
2621 1643 2682 1703 in

237 1736 672 1818 progressione
702 1736 1008 1807 continua,
1035 1737 1140 1815 qui
1172 1757 1284 1815 per
1312 1734 1538 1795 saltum
1569 1735 1908 1814 capiuntur,
1940 1738 2172 1799 omisso
2202 1740 2432 1818 passim
2463 1740 2686 1819 aequali

236 1835 642 1895 terminorum
696 1833 1207 1894 intermediorum
1267 1853 1541 1892 numero,
1665 1832 2141 1911 Componuntur
2196 1847 2404 1896 autern
2462 1836 2682 1896 horum

238 1931 641 1992 terminorum
714 1931 986 1991 rationes
1059 1952 1139 1990 ex
1202 1930 1543 1990 rationibus
1617 1929 1778 1989 inter
1846 1952 1916 1991 se
1988 1932 2208 1992 iisdem
2281 1934 2683 1994 terminorum

239 2029 745 2089 intermediorum
790 2027 1112 2108 aequaliter
1165 2027 1459 2107 repetitiS‚
1494 2027 1554 2087 8(
1600 2040 1929 2106 propterea
1975 2050 2066 2089 eae
2114 2051 2364 2109 quoque
2415 2032 2684 2092 rationes

240 2127 603 2206 compositae
664 2127 825 2187 inter
880 2148 949 2187 se
1007 2126 1248 2187 eaedem
1306 2138 1466 2187 sunt.
1581 2126 1780 2206 Igitur
1829 2123 2205 2200 velocitateS‚
2260 2127 2355 2186 his
2406 2128 2683 2188 terminis

237 2222 748 2306 proportionaleS‚
805 2237 951 2284 sunt
1008 2224 1070 2283 in
1129 2224 1566 2305 progressione
1622 2223 2013 2304 geometrica,
2137 2224 2502 2285 Minuantur
2548 2227 2681 2306 jam

238 2321 511 2402 aequales
562 2320 683 2382 illae
733 2333 1086 2400 temporum
1138 2320 1472 2400 particulae‚
1523 2320 1584 2380 8(
1642 2332 1943 2401 augeatur
1999 2340 2211 2379 earum
2269 2342 2561 2382 numerus
2620 2323 2682 2383 in

240 2420 565 2491 infinitum,
591 2441 668 2480 eo
697 2433 766 2480 ut
795 2418 1162 2479 resistentiae
1193 2416 1493 2497 impulsus
1525 2416 1820 2477 reddatur
1848 2417 2198 2491 continuus;
2233 2418 2293 2478 8(
2322 2418 2682 2481 velocitates

239 2517 302 2578 in
349 2517 663 2596 principiis
710 2515 1044 2595 aequalium
1103 2528 1470 2594 temporum,
1524 2535 1771 2593 semper
1826 2514 2116 2574 continue
2174 2511 2680 2595 proportionaleS,

239 2626 422 2675 erunt
452 2614 513 2673 in
545 2613 662 2674 hoc
691 2614 880 2673 etiam
911 2635 1056 2673 casu
1088 2613 1380 2673 continue
1410 2609 1917 2691 proportionales,
2008 2612 2081 2685 Q,
2104 2613 2186 2672 E,
2213 2614 2297 2674 D.

360 2710 494 2770 Cas.
545 2730 597 2771 2.
648 2710 736 2770 Et
778 2710 1027 2770 divisim
1058 2707 1456 2769 velocitatum
1501 2707 1882 2779 differentiae,
1915 2707 2033 2768 hoc
2076 2722 2185 2780 est,
2219 2731 2430 2770 earum
2475 2724 2683 2790 partes

239 2805 498 2888 Singulis
549 2807 934 2886 temporibus
991 2807 1253 2877 amissae‚
1307 2818 1453 2865 sunt
1509 2817 1579 2864 ut
1636 2817 1830 2865 totae:
1892 2806 2095 2884 spatia
2151 2821 2361 2868 autem
2419 2808 2680 2890 singulis

240 2904 622 2982 temporibus
665 2903 977 2983 descripta
1005 2916 1151 2963 sunt
1179 2916 1248 2963 ut
1286 2901 1684 2963 velocitatum
1729 2914 1936 2980 partes
1976 2904 2222 2965 amissae
2270 2905 2407 2986 (per
2434 2927 2606 2985 prop,
2652 2927 2674 2966 1

242 2997 329 3059 lib
372 2998 443 3080 11)
478 2999 539 3060 8(
568 3013 898 3079 propterea
927 3002 1114 3061 etiam
1145 3015 1214 3062 ut
1243 3014 1406 3063 totae,
1502 3001 1571 3074 Q.
1596 3001 1674 3061 E.
1697 3001 1783 3061 D.

357 3096 553 3157 Corol,
608 3096 779 3156 Hinc
821 3097 873 3156 si
917 3099 1287 3177 asymptotis
1339 3095 1712 3177 rectangulis
1761 3097 1830 3156 A
1859 3096 1925 3168 C,
2358 3054 2499 3366 Ἀ
2638 3065 2679 3102 H

248 3192 403 3252 CH
437 3192 820 3252 describatur
863 3193 1206 3273 hyperbola
1247 3195 1313 3254 B
1335 3195 1411 3268 G,
1458 3195 1707 3273 sintque
1757 3193 1825 3252 A
1850 3194 1929 3262 B,
2352 3222 2391 3258 G

238 3289 311 3348 D
334 3288 394 3347 G
449 3288 530 3348 ad
588 3302 986 3368 asymptoton
1043 3292 1112 3350 A
1143 3292 1200 3351 C
1251 3289 1808 3370 perpendiculareS‚
1871 3289 1932 3349 &

241 3397 589 3463 exponatur
617 3397 749 3444 tum
779 3386 1053 3465 corporis
1083 3386 1379 3447 velocitas
1421 3399 1552 3446 tum
1585 3385 1933 3446 resistentia
1990 3391 2034 3434 B

242 3479 448 3554 medii,
482 3480 619 3558 ipso
650 3493 854 3541 motus
886 3482 1074 3553 initio,
1107 3504 1220 3561 per
1247 3482 1473 3543 lineam
1506 3483 1792 3561 quamvis
1822 3481 1929 3540 da-

242 3587 370 3635 tam
394 3576 461 3635 A
474 3576 539 3647 C,
565 3574 778 3656 elapso
801 3591 1010 3638 autem
1034 3591 1315 3658 tempore
1340 3578 1548 3658 aliquo
1571 3600 1684 3658 per
1704 3576 1931 3637 lineam

243 3670 627 3733 indefinitam
656 3675 811 3735 DC:
842 3676 1070 3754 exponi
1101 3688 1310 3754 potest
1339 3689 1587 3755 tempus
1618 3697 1730 3755 per
1758 3696 1967 3735 aream
1995 3673 2064 3733 A
2071 3673 2286 3742 BGD
2321 3634 2381 3730 8(
2411 3667 2678 3747 spatium

244 3789 321 3830 eo
350 3782 630 3850 tempore
659 3771 1037 3851 descriptum
1068 3793 1181 3851 per
1209 3770 1435 3832 lineam
1465 3773 1533 3832 A
1547 3773 1633 3833 D.
1720 3771 1889 3831 Nam
1919 3770 1971 3830 si
2001 3790 2146 3829 area
2176 3765 2277 3827 illa
2305 3786 2417 3845 per
2445 3769 2680 3824 motum

1983 3571 2028 3607 A.
2358 3568 2396 3603 Ῐ)
2594 3564 2626 3605 C
