2852 4250
1111 61 1350 112 LIBER
1387 64 1722 116 TERTIUS.
2458 93 2579 154 447

319 240 984 306 PROPOSITIO
1061 242 1408 306 XXXII.
1532 246 2089 312 PROBLEMA
2166 255 2382 318 XIII.

674 422 969 483 Invenire
994 430 1225 483 motum
1253 424 1517 485 medium
1546 425 1843 487 nodorum
1872 429 2049 492 lunae.
2117 494 2122 500 Ἀ

69 690 78 700 Ἀ
242 623 456 685 Motus
508 621 751 682 medius
802 640 1045 679 annuus
1096 633 1193 680 est
1241 641 1486 680 summa
1542 633 1821 682 motuum
1878 625 2154 686 omnium
2204 627 2581 692 horariorum

75 799 77 801 Ι
155 722 556 785 mediocrium
586 720 649 780 in
693 739 874 779 anno,
969 717 1246 797 Concipe
1289 717 1523 779 nodum
1568 720 1799 779 versari
1831 721 1892 780 in
1922 722 2017 796 N,
2053 722 2386 805 &singulis
2415 727 2579 789 horis

74 823 77 826 ’
129 818 472 901 ,completis
517 817 745 880 retrahi
790 813 1087 876 inlocum
1134 837 1315 876 suum
1360 817 1630 896 priorem
1675 831 1742 877 ut
1789 839 1915 878 non
1946 820 2235 882 obstante
2265 837 2434 885 motu
2467 847 2581 887 suo

151 918 400 1001 proprio
446 917 664 978 datum
707 934 957 993 semper
998 927 1207 974 servet
1250 915 1436 974 situm
1485 915 1565 975 ad
1623 914 1831 976 stellas
1877 916 2046 978 fixas,
2142 919 2387 981 Interea
2429 945 2578 985 vero

153 1015 349 1079 solem
401 1016 467 1088 S,
527 1036 640 1095 per
685 1026 925 1074 motum
983 1025 1180 1084 terrae,
1242 1013 1533 1095 progredi
1591 1036 1630 1074 a
1686 1015 1857 1075 nodo
1911 1014 1970 1075 &
2014 1037 2258 1076 cursum
2308 1040 2578 1080 annuum

154 1127 558 1197 apparentem
587 1111 975 1174 uniformiter
1003 1110 1328 1190 complere.
1442 1112 1541 1173 Sit
1583 1125 1790 1173 autem
1818 1113 1885 1172 A
1913 1134 1954 1172 a
1981 1135 2156 1173 arcus
2186 1115 2366 1175 datus
2397 1138 2582 1196 quam

154 1213 459 1285 minimus,
506 1233 695 1293 quem
725 1221 894 1271 recta
934 1210 998 1269 T
1011 1210 1068 1269 S
1092 1210 1172 1269 ad
1210 1209 1405 1270 solem
1429 1232 1676 1290 semper
1705 1211 1906 1283 ducta,
1941 1211 2370 1274 intersectione
2397 1216 2491 1275 sui
2524 1216 2583 1276 &

154 1310 360 1374 circuli
417 1311 585 1372 NA
610 1332 669 1382 n,
730 1309 879 1369 dato
938 1320 1219 1387 tempore
1276 1330 1464 1388 quam
1523 1308 1777 1369 minimo
1835 1309 2176 1371 describit:
2265 1312 2325 1371 &
2381 1326 2582 1374 motus

38 1419 55 1486 ”;
155 1410 432 1473 horarius
463 1408 790 1471 mediocris
839 1405 976 1488 (per
1009 1407 1142 1487 jam
1186 1405 1458 1488 ostensa)
1507 1407 1623 1467 erit
1665 1419 1734 1466 ut
1775 1407 1842 1466 A
1870 1408 1932 1466 Z
1950 1428 2002 1486 q,
2051 1406 2112 1466 id
2157 1421 2252 1468 est
2299 1409 2403 1490 (ob
2446 1431 2582 1489 pro-

154 1508 528 1596 portionales
568 1508 636 1569 A
664 1508 738 1580 Z,
769 1507 831 1567 Z
856 1506 935 1586 Y)
983 1517 1052 1565 ut
1103 1504 1526 1586 rectangulum
1573 1504 1690 1565 sub
1721 1504 1788 1564 A
1812 1505 1873 1564 Z
1901 1503 1961 1563 &
1988 1504 2051 1563 Z
2080 1505 2150 1576 Y,
2200 1504 2315 1567 hoc
2361 1519 2475 1583 est,
2519 1521 2587 1568 ut

31 1226 62 1299 ἐς.

24 1341 53 1363 Ἀ

129 3006 132 3010 ’
159 3005 304 3045 area
331 2984 400 3044 A
427 2984 490 3045 Z
517 2984 648 3045 Ya.
745 2983 833 3044 Et
875 3002 1120 3043 summa
1164 2978 1441 3040 omnium
1472 2975 1853 3036 horariorum
1885 2963 2163 3032 motuum
2194 2967 2589 3029 mediocrium

160 3083 240 3144 ab
270 3083 459 3154 initio,
492 3096 560 3143 ut
589 3105 834 3143 summa
862 3082 1139 3143 omnium
1171 3098 1449 3138 arearum
1480 3098 1528 3134 a·
1550 3074 1684 3134 YZ
1701 3073 1790 3143 A,
1825 3071 1886 3130 id
1918 3082 2026 3141 est,
2060 3082 2128 3128 ut
2155 3089 2298 3128 area
2326 3067 2408 3126 N
2424 3066 2491 3124 A
2518 3065 2588 3125 Z.

165 3181 285 3242 Est
313 3195 523 3243 autem
556 3182 828 3242 maxima
859 3182 924 3241 A
953 3180 1015 3239 Z
1046 3179 1162 3238 Ya
1193 3174 1449 3255 aequalis
1474 3169 1832 3251 rectangulo
1855 3168 1970 3228 sub
2001 3188 2142 3227 arcu
2173 3166 2239 3225 A
2264 3187 2303 3224 a
2334 3165 2393 3223 ἃ
2422 3161 2592 3222 radio

143 3279 406 3354 'circuli3
454 3280 515 3341 81
561 3294 893 3360 propterea
938 3297 1184 3338 summa
1227 3273 1502 3334 omnium
1550 3268 2045 3350 rectangulorum
2092 3267 2151 3325 in
2197 3261 2418 3324 circulo
2463 3272 2592 3319 toto

162 3377 244 3438 ad
287 3400 599 3438 summam
644 3378 905 3439 totidem
951 3375 1379 3443 maximorum,
1426 3383 1495 3429 ut
1538 3389 1682 3428 area
1711 3364 1915 3426 circuli
1946 3364 2132 3425 totius
2163 3361 2242 3420 ad
2273 3372 2587 3436 rectangu-

162 3473 290 3535 lum
336 3477 453 3538 sub
512 3476 1004 3537 circumferentia
1063 3487 1195 3534 tota
1254 3471 1314 3531 &
1373 3469 1565 3543 radio,
1621 3467 1684 3527 id
1736 3477 1845 3535 est,
1900 3475 1968 3523 ut
2022 3482 2043 3521 1
2099 3460 2178 3519 ad
2233 3478 2284 3518 2.
2378 3455 2589 3555 Motus

165 3586 374 3635 autem
433 3574 713 3636 horarius
772 3570 1133 3653 rectangulo
1193 3569 1465 3630 maximo
1509 3562 1894 3645 respondens
1938 3570 2069 3619 erat
2120 3555 2231 3615 16⁰
2283 3550 2413 3612 16'-''
2459 3557 2584 3626 37¹2

167 3664 306 3748 4242.
399 3674 487 3734 Et
530 3674 629 3735 hic
673 3686 895 3745 motus,
942 3692 1107 3732 anno
1152 3682 1285 3730 toto
1329 3666 1572 3727 sidereo
1615 3664 1853 3722 dierum
1901 3663 2015 3735 365
2051 3655 2248 3715 hon-6
2280 3650 2420 3710 min.
2458 3667 2494 3723 9
2525 3646 2594 3705 fit

173 3777 307 3845 39⁸³·
357 3770 458 3849 38'
517 3770 593 3850 7''
648 3771 806 3850 50'‘'.
904 3769 1185 3848 Ideoque
1237 3766 1418 3846 hujus
1473 3761 1794 3823 dimidium
1865 3763 1995 3831 19gr.
2046 3749 2147 3828 49'
2200 3747 2275 3825 3⁰
2330 3743 2469 3823 55'''
2498 3754 2593 3804 est
