2852 4250
180 145 303 205 324
1002 125 1116 174 DE
1151 123 1388 175 MOTU
1415 120 1858 173 CORPORUM

181 303 253 376 O,
288 302 466 364 radio
502 302 559 364 Ο
584 301 642 363 C
664 300 1054 373 describitur,
1083 300 1144 362 &
1175 298 1509 361 altitudine
1537 297 1699 369 OD,

175 401 673 465 construendum
726 401 810 462 sit
860 400 1131 461 frustum
1184 399 1325 461 coni
1386 399 1445 460 C
1454 398 1521 458 B
1545 397 1606 458 G
1622 397 1699 469 F,

175 502 350 584 quod
409 501 694 568 omnium
762 500 989 562 eadem
1049 499 1186 560 basi
1248 497 1310 559 &
1369 495 1703 558 altitudine

176 615 678 665 constructorum
733 601 795 663 &
843 600 1194 662 secundum
1254 597 1512 681 plagam
1565 598 1702 660 axis

175 703 273 764 sui
333 724 557 764 versus
616 703 689 762 D
748 699 1291 782 progredientium
1357 698 1702 760 frustorum
1746 713 1791 780 Β

176 802 435 863 minime
467 802 795 863 resistatur
826 823 838 862 :
887 800 1101 860 biseca
1130 797 1530 861 altitudinem
1567 802 1706 863 OD

177 903 238 963 in
303 903 362 979 Q
425 901 487 963 ἃ
548 900 790 982 produc
843 899 981 974 OQ
1045 898 1127 959 ad
1191 898 1250 959 S
1307 911 1378 960 ut
1429 898 1513 961 sit
1561 901 1619 977 Q
1653 901 1710 962 S

175 1001 437 1084 aequalis
486 1002 544 1077 Q
572 1002 640 1077 C,
706 1000 767 1061 &
813 1000 932 1061 erit
978 999 1035 1059 S
1075 1010 1300 1060 vertex
1347 1000 1488 1061 coni
1527 1002 1705 1084 cujus

174 1104 442 1164 frustum
475 1102 793 1183 quaeritur.
1476 1102 1482 1106 ’

294 1202 491 1264 Unde
538 1201 758 1273 obiter,
803 1222 946 1262 cum
993 1200 1265 1285 angulus
1318 1203 1376 1265 C
1390 1204 1448 1264 S
1461 1205 1527 1265 B
1570 1226 1826 1289 semper
1870 1209 1951 1270 sit
1995 1221 2234 1282 acutuS,
2290 1230 2688 1291 consequens

173 1317 286 1377 est,
322 1303 494 1385 quod
528 1303 579 1363 si
612 1300 886 1364 solidum
919 1302 989 1362 A
1012 1304 1169 1364 DB
1187 1305 1259 1365 E
1294 1304 1744 1371 convolutione
1778 1309 1998 1393 figurae
2030 1309 2323 1391 ellipticae
2354 1308 2454 1372 vel
2487 1309 2689 1373 ovalis

172 1406 240 1467 A
267 1405 423 1466 DB
442 1405 511 1466 E
540 1404 702 1465 circa
734 1425 920 1465 axem
952 1404 1104 1464 AB
1134 1404 1299 1466 facta
1321 1421 1678 1488 generetur,
1716 1409 1777 1471 Sc
1810 1423 2110 1493 tangatur
2140 1411 2344 1494 figura
2371 1432 2689 1494 generans
2748 1475 2754 1481 ,

172 1528 210 1567 a
242 1506 427 1567 rectis
473 1505 673 1566 tribus
719 1504 879 1576 FG,
934 1504 1109 1580 GH,
1157 1506 1305 1567 HJ
1344 1507 1405 1568 in
1453 1511 1705 1590 punctis
1750 1513 1826 1585 F,
1859 1513 1926 1572 B
1958 1511 2019 1573 &
2049 1513 2106 1584 J,
2142 1534 2218 1573 ea
2248 1510 2392 1594 lege
2424 1524 2495 1573 ut
2532 1511 2701 1586 GH

172 1606 255 1667 sit
285 1603 826 1687 perpendicularis
858 1604 939 1666 ad
973 1627 1159 1667 axem
1194 1606 1256 1667 in
1303 1622 1542 1688 puncto
1588 1625 1918 1674 contactus
1949 1614 2032 1689 B,
2068 1613 2130 1674 &
2160 1614 2231 1674 F
2246 1613 2320 1686 G,
2354 1613 2507 1674 HI
2544 1634 2689 1674 cum

172 1706 399 1768 eadem
453 1705 620 1767 GH
650 1705 1015 1767 contineant
1046 1707 1318 1791 angulos
1362 1710 1588 1784 FGB‚
1635 1713 1845 1774 BH]
1869 1714 2186 1797 graduum
2228 1731 2361 1793 135,
2396 1712 2687 1786 solidum,

172 1806 347 1888 quod
401 1804 851 1868 convolutione
912 1805 1134 1889 figurae
1179 1810 1249 1869 A
1271 1810 1429 1870 DF
1442 1811 1503 1872 G
1518 1812 1608 1872 H
1614 1813 1664 1873 J
1673 1813 1744 1873 E
1787 1814 1951 1876 circa
1996 1836 2185 1876 axem
2231 1812 2508 1875 eundem
2539 1812 2692 1873 AB

170 1919 530 1991 generatur,
566 1907 775 1967 minus
821 1907 1135 1969 resistitur
1180 1931 1373 1990 quam
1420 1910 1694 1974 solidum
1741 1916 1951 1996 prius;
2006 1916 2060 1977 si
2107 1913 2303 1976 modo
2349 1926 2691 1994 utrumque

173 2006 524 2069 secundum
557 2005 813 2089 plagam
846 2008 983 2070 axis
1015 2009 1111 2069 sui
1145 2009 1215 2070 A
1243 2011 1310 2070 B
1340 2013 1801 2094 progrediatur,
1832 2015 1893 2077 &
1925 2016 2255 2096 utriusque
2286 2013 2594 2075 terminus
2624 2012 2692 2072 B

171 2106 507 2188 praecedat.
613 2106 827 2186 Quam
861 2109 1119 2190 quidem
1152 2113 1654 2193 propositionem
1690 2116 1751 2177 in
1785 2116 2228 2181 construendis
2261 2114 2531 2180 navibus
2563 2134 2689 2174 non

174 2206 458 2271 inutilem
491 2207 766 2270 futuram
799 2230 941 2271 esse
973 2232 1220 2275 censeo.

195 3445 204 3456 ·
292 3403 488 3484 Quod
535 3402 587 3463 si
635 3400 838 3483 figura
882 3399 1058 3459 DN
1069 3399 1140 3459 F
1154 3399 1215 3460 G
1259 3400 1574 3482 ejusmodi
1607 3402 1690 3463 sit
1720 3424 1930 3477 curva,
1964 3416 2049 3478 ut,
2084 3406 2136 3467 si
2169 3406 2252 3468 ab
2283 3408 2421 3490 ejus
2452 3420 2690 3489 puncto

174 3504 404 3587 quovis
434 3503 520 3565 N
545 3501 627 3563 ad
660 3522 846 3561 axem
878 3499 947 3559 A
972 3499 1039 3559 B
1068 3498 1440 3561 demittatur
1469 3502 2013 3583 perpendiculum'
2038 3507 2127 3567 N
2139 3508 2240 3582 M,
2290 3508 2352 3570 &
2382 3532 2421 3571 a
2451 3522 2689 3591 puncto

174 3604 328 3666 dato
365 3603 425 3665 G
455 3602 724 3663 ducatur
754 3611 926 3660 recta
961 3599 1022 3660 G
1044 3600 1112 3660 R
1143 3621 1288 3680 quae
1333 3600 1636 3681 parallela
1665 3604 1749 3665 sit
1779 3619 1968 3667 rectae
2001 3606 2270 3690 figuram
2303 3611 2590 3693 tangenti
2625 3611 2686 3671 in
2838 3620 2840 3624 ’

174 3705 270 3778 JV,
327 3702 389 3765 &
437 3723 626 3763 axem
678 3699 1058 3782 productum
1113 3712 1287 3761 secet
1336 3701 1399 3761 in
1447 3702 1530 3775 R,
1585 3703 1775 3766 fuerit
1820 3706 1918 3766 M
1937 3707 2025 3767 N
2068 3708 2150 3768 ad
2206 3709 2268 3770 G
2295 3709 2365 3770 R
2417 3722 2487 3771 ut
2541 3710 2688 3772 GR
2835 3703 2843 3772 l

172 3806 300 3868 cub.
365 3804 450 3866 ad
510 3803 636 3881 4B
653 3803 720 3863 R
752 3820 793 3861 ><
830 3799 1072 3880 GBq,·
1145 3797 1419 3861 solidum
1480 3803 1655 3883 quod
1731 3804 1953 3888 figurae
2028 3807 2216 3891 hujus
2290 3807 2688 3872 revolutione

174 3906 338 3968 circa
383 3924 570 3966 axem
615 3901 686 3964 A
711 3900 778 3962 B
820 3898 987 3960 facta
1017 3898 1410 3976 describitur,
1447 3900 1508 3960 in
1557 3903 1771 3966 medio
1816 3928 1958 3969 raro
1989 3909 2297 3989 praedicto
2327 3910 2410 3971 ab
2439 3910 2510 3971 A
2546 3931 2685 3971 ver-

2830 3774 2844 3840 dss-
2832 3677 2840 3692 Δ
