<?xml version="1.0" encoding="UTF-8"?>
<!DOCTYPE html PUBLIC "-//W3C//DTD XHTML 1.0 Transitional//EN"
    "http://www.w3.org/TR/xhtml1/DTD/xhtml1-transitional.dtd">
<html xmlns="http://www.w3.org/1999/xhtml" xml:lang="en" lang="en">
 <head>
  <title>
</title>
<meta http-equiv="Content-Type" content="text/html;charset=utf-8" />
  <meta name='ocr-system' content='tesseract 3.04.00' />
  <meta name='ocr-capabilities' content='ocr_page ocr_carea ocr_par ocr_line ocrx_word'/>
</head>
<body>
  <div class='ocr_page' id='page_1' title='image "./principia00newtuoft/principia00newtuoft_0226.png"; bbox 0 0 2852 4250; ppageno 0'>
   <div class='ocr_carea' id='block_1_1' title="bbox 189 80 1860 156">
    <p class='ocr_par' dir='ltr' id='par_1_1' title="bbox 189 80 1860 156">
     <span class='ocr_line' id='line_1_1' title="bbox 189 80 1860 156; baseline -0.003 -18"><span class='ocrx_word' id='word_1_1' title='bbox 189 97 210 138; x_wconf 95' lang='lat'>1</span> <span class='ocrx_word' id='word_1_2' title='bbox 226 80 307 156; x_wconf 91' lang='lat'><strong>84</strong></span> <span class='ocrx_word' id='word_1_3' title='bbox 998 84 1115 134; x_wconf 87' lang='lat' dir='ltr'><strong>DE</strong></span> <span class='ocrx_word' id='word_1_4' title='bbox 1147 83 1224 134; x_wconf 88' lang='grc' dir='ltr'><em>Μ</em></span> <span class='ocrx_word' id='word_1_5' title='bbox 1221 83 1329 136; x_wconf 81' lang='lat' dir='ltr'><strong>OT</strong></span> <span class='ocrx_word' id='word_1_6' title='bbox 1328 83 1386 135; x_wconf 89' lang='lat' dir='ltr'><em>U</em></span> <span class='ocrx_word' id='word_1_7' title='bbox 1417 84 1466 135; x_wconf 89' lang='lat' dir='ltr'><em>C</em></span> <span class='ocrx_word' id='word_1_8' title='bbox 1466 82 1723 136; x_wconf 81' lang='lat' dir='ltr'><em>ORPOR</em></span> <span class='ocrx_word' id='word_1_9' title='bbox 1735 82 1860 134; x_wconf 84' lang='lat' dir='ltr'><strong>UM</strong></span> 
     </span>
    </p>
   </div>
   <div class='ocr_carea' id='block_1_2' title="bbox 168 246 2697 1138">
    <p class='ocr_par' dir='ltr' id='par_1_2' title="bbox 168 246 2697 1138">
     <span class='ocr_line' id='line_1_2' title="bbox 168 246 2691 335; baseline 0.001 -23"><span class='ocrx_word' id='word_1_10' title='bbox 168 246 451 332; x_wconf 85' lang='lat' dir='ltr'>oblique,</span> <span class='ocrx_word' id='word_1_11' title='bbox 485 249 548 311; x_wconf 94' lang='lat' dir='ltr'><strong>in</strong></span> <span class='ocrx_word' id='word_1_12' title='bbox 581 250 807 313; x_wconf 90' lang='lat' dir='ltr'><strong>eadem</strong></span> <span class='ocrx_word' id='word_1_13' title='bbox 840 249 944 313; x_wconf 90' lang='lat' dir='ltr'><strong>illa</strong></span> <span class='ocrx_word' id='word_1_14' title='bbox 974 251 1328 334; x_wconf 86' lang='lat' dir='ltr'><strong>superficiei</strong></span> <span class='ocrx_word' id='word_1_15' title='bbox 1374 255 1570 333; x_wconf 86' lang='lat' dir='ltr'><strong>parte,</strong></span> <span class='ocrx_word' id='word_1_16' title='bbox 1605 270 1733 332; x_wconf 90' lang='lat' dir='ltr'><strong>qua</strong></span> <span class='ocrx_word' id='word_1_17' title='bbox 1777 249 1968 331; x_wconf 83' lang='lat' dir='ltr'><strong>priuS,</strong></span> <span class='ocrx_word' id='word_1_18' title='bbox 2002 248 2277 332; x_wconf 83' lang='lat' dir='ltr'><strong>imp&#39;ulsu</strong></span> <span class='ocrx_word' id='word_1_19' title='bbox 2309 260 2691 335; x_wconf 85' lang='lat' dir='ltr'><strong>quocunque</strong></span> 
     </span>
     <span class='ocr_line' id='line_1_3' title="bbox 181 349 2688 433; baseline 0.002 -21"><span class='ocrx_word' id='word_1_20' title='bbox 181 370 388 423; x_wconf 90' lang='lat' dir='ltr'><strong>novo;</strong></span> <span class='ocrx_word' id='word_1_21' title='bbox 450 349 512 412; x_wconf 86' lang='lat'>&amp;</span> <span class='ocrx_word' id='word_1_22' title='bbox 564 372 708 413; x_wconf 89' lang='lat' dir='ltr'><strong>cum</strong></span> <span class='ocrx_word' id='word_1_23' title='bbox 760 352 942 415; x_wconf 89' lang='lat' dir='ltr'>citior</span> <span class='ocrx_word' id='word_1_24' title='bbox 991 351 1095 415; x_wconf 89' lang='lat' dir='ltr'><strong>vel</strong></span> <span class='ocrx_word' id='word_1_25' title='bbox 1141 353 1343 415; x_wconf 92' lang='lat' dir='ltr'><strong>serior</strong></span> <span class='ocrx_word' id='word_1_26' title='bbox 1388 349 1700 433; x_wconf 89' lang='lat' dir='ltr'><strong>impulsus</strong></span> <span class='ocrx_word' id='word_1_27' title='bbox 1746 350 2042 413; x_wconf 87' lang='lat' dir='ltr'><strong>effectum</strong></span> <span class='ocrx_word' id='word_1_28' title='bbox 2089 349 2175 413; x_wconf 94' lang='lat' dir='ltr'><strong>nil</strong></span> <span class='ocrx_word' id='word_1_29' title='bbox 2221 365 2441 430; x_wconf 92' lang='lat' dir='ltr'><strong>mutet,</strong></span> <span class='ocrx_word' id='word_1_30' title='bbox 2490 354 2688 416; x_wconf 90' lang='lat' dir='ltr'><strong>mani-</strong></span> 
     </span>
     <span class='ocr_line' id='line_1_4' title="bbox 178 449 2693 536; baseline 0.002 -25"><span class='ocrx_word' id='word_1_31' title='bbox 178 449 413 512; x_wconf 87' lang='lat' dir='ltr'><strong>festum</strong></span> <span class='ocrx_word' id='word_1_32' title='bbox 458 463 571 526; x_wconf 89' lang='lat' dir='ltr'><strong>est,</strong></span> <span class='ocrx_word' id='word_1_33' title='bbox 620 452 792 534; x_wconf 92' lang='lat' dir='ltr'><strong>quod</strong></span> <span class='ocrx_word' id='word_1_34' title='bbox 839 452 904 514; x_wconf 91' lang='lat' dir='ltr'><strong>hi</strong></span> <span class='ocrx_word' id='word_1_35' title='bbox 950 452 1079 516; x_wconf 94' lang='lat' dir='ltr'><strong>duo</strong></span> <span class='ocrx_word' id='word_1_36' title='bbox 1124 451 1433 536; x_wconf 91' lang='lat' dir='ltr'><strong>impulsus</strong></span> <span class='ocrx_word' id='word_1_37' title='bbox 1478 451 1839 514; x_wconf 83' lang='lat' dir='ltr'><strong>successive</strong></span> <span class='ocrx_word' id='word_1_38' title='bbox 1892 452 2182 534; x_wconf 86' lang='lat' dir='ltr'>impressi</span> <span class='ocrx_word' id='word_1_39' title='bbox 2228 453 2504 516; x_wconf 93' lang='lat' dir='ltr'><strong>eundem</strong></span> <span class='ocrx_word' id='word_1_40' title='bbox 2549 475 2693 536; x_wconf 89' lang='lat' dir='ltr'><strong>pro-</strong></span> 
     </span>
     <span class='ocr_line' id='line_1_5' title="bbox 179 551 2691 635; baseline 0.001 -22"><span class='ocrx_word' id='word_1_41' title='bbox 179 551 417 614; x_wconf 89' lang='lat' dir='ltr'><strong>ducent</strong></span> <span class='ocrx_word' id='word_1_42' title='bbox 461 553 720 627; x_wconf 83' lang='lat' dir='ltr'><strong>m&#39;otum,</strong></span> <span class='ocrx_word' id='word_1_43' title='bbox 769 575 842 615; x_wconf 89' lang='lat' dir='ltr'><strong>ac</strong></span> <span class='ocrx_word' id='word_1_44' title='bbox 887 553 940 614; x_wconf 94' lang='lat' dir='ltr'><strong>si</strong></span> <span class='ocrx_word' id='word_1_45' title='bbox 986 552 1172 615; x_wconf 92' lang='lat' dir='ltr'><strong>simul</strong></span> <span class='ocrx_word' id='word_1_46' title='bbox 1219 552 1509 635; x_wconf 88' lang='lat' dir='ltr'><strong>impressi</strong></span> <span class='ocrx_word' id='word_1_47' title='bbox 1555 552 1839 626; x_wconf 90' lang='lat' dir='ltr'><strong>fuissent,</strong></span> <span class='ocrx_word' id='word_1_48' title='bbox 1873 552 1994 615; x_wconf 93' lang='lat' dir='ltr'><strong>hoc</strong></span> <span class='ocrx_word' id='word_1_49' title='bbox 2039 564 2153 627; x_wconf 89' lang='lat' dir='ltr'><strong>est,</strong></span> <span class='ocrx_word' id='word_1_50' title='bbox 2193 553 2487 627; x_wconf 91' lang='lat' dir='ltr'><strong>eundem,</strong></span> <span class='ocrx_word' id='word_1_51' title='bbox 2519 574 2594 615; x_wconf 89' lang='lat' dir='ltr'><strong>ac</strong></span> <span class='ocrx_word' id='word_1_52' title='bbox 2637 554 2691 616; x_wconf 89' lang='lat' dir='ltr'><strong>si</strong></span> 
     </span>
     <span class='ocr_line' id='line_1_6' title="bbox 180 650 2696 736; baseline 0.001 -22"><span class='ocrx_word' id='word_1_53' title='bbox 180 650 411 735; x_wconf 86' lang='lat' dir='ltr'><strong>globus</strong></span> <span class='ocrx_word' id='word_1_54' title='bbox 441 654 506 715; x_wconf 89' lang='lat' dir='ltr'><strong>vi</strong></span> <span class='ocrx_word' id='word_1_55' title='bbox 538 653 805 736; x_wconf 89' lang='lat' dir='ltr'><strong>simplici</strong></span> <span class='ocrx_word' id='word_1_56' title='bbox 837 676 918 716; x_wconf 85' lang='lat' dir='ltr'><strong>ex</strong></span> <span class='ocrx_word' id='word_1_57' title='bbox 948 667 1220 735; x_wconf 93' lang='lat' dir='ltr'><strong>utroque</strong></span> <span class='ocrx_word' id='word_1_58' title='bbox 1257 655 1396 736; x_wconf 92' lang='lat' dir='ltr'><strong>(per</strong></span> <span class='ocrx_word' id='word_1_59' title='bbox 1424 651 1639 735; x_wconf 90' lang='lat' dir='ltr'><strong>legum</strong></span> <span class='ocrx_word' id='word_1_60' title='bbox 1672 650 1858 714; x_wconf 92' lang='lat' dir='ltr'><strong>corol.</strong></span> <span class='ocrx_word' id='word_1_61' title='bbox 1895 650 1969 736; x_wconf 93' lang='lat'><strong>11)</strong></span> <span class='ocrx_word' id='word_1_62' title='bbox 2004 653 2357 735; x_wconf 85' lang='lat' dir='ltr'><strong>composita</strong></span> <span class='ocrx_word' id='word_1_63' title='bbox 2388 652 2696 736; x_wconf 90' lang='lat' dir='ltr'><strong>impulsus</strong></span> 
     </span>
     <span class='ocr_line' id='line_1_7' title="bbox 178 751 2697 836; baseline 0.001 -23"><span class='ocrx_word' id='word_1_64' title='bbox 178 752 417 826; x_wconf 87' lang='lat' dir='ltr'><strong>suisset,</strong></span> <span class='ocrx_word' id='word_1_65' title='bbox 473 767 665 835; x_wconf 91' lang='lat' dir='ltr'><strong>atque</strong></span> <span class='ocrx_word' id='word_1_66' title='bbox 719 755 864 817; x_wconf 92' lang='lat' dir='ltr'><strong>ideo</strong></span> <span class='ocrx_word' id='word_1_67' title='bbox 917 753 1286 836; x_wconf 90' lang='lat' dir='ltr'><strong>simplicem,</strong></span> <span class='ocrx_word' id='word_1_68' title='bbox 1337 754 1500 816; x_wconf 88' lang='lat' dir='ltr'><strong>circa</strong></span> <span class='ocrx_word' id='word_1_69' title='bbox 1551 751 2200 816; x_wconf 79' lang='lat' dir='ltr'><strong>axem&#39;inclinatione</strong></span> <span class='ocrx_word' id='word_1_70' title='bbox 2251 753 2490 817; x_wconf 88' lang='lat' dir='ltr'><strong>datum.</strong></span> <span class='ocrx_word' id='word_1_71' title='bbox 2605 754 2697 817; x_wconf 91' lang='lat' dir='ltr'><strong>Et</strong></span> 
     </span>
     <span class='ocr_line' id='line_1_8' title="bbox 178 851 2693 936; baseline 0.001 -23"><span class='ocrx_word' id='word_1_72' title='bbox 178 873 295 933; x_wconf 91' lang='lat' dir='ltr'><strong>par</strong></span> <span class='ocrx_word' id='word_1_73' title='bbox 352 866 451 914; x_wconf 90' lang='lat' dir='ltr'><strong>est</strong></span> <span class='ocrx_word' id='word_1_74' title='bbox 509 853 667 916; x_wconf 91' lang='lat' dir='ltr'><strong>ratio</strong></span> <span class='ocrx_word' id='word_1_75' title='bbox 727 853 1036 936; x_wconf 91' lang='lat' dir='ltr'><strong>impulsus</strong></span> <span class='ocrx_word' id='word_1_76' title='bbox 1096 854 1359 916; x_wconf 90' lang='lat' dir='ltr'><strong>secundi</strong></span> <span class='ocrx_word' id='word_1_77' title='bbox 1418 853 1566 915; x_wconf 89' lang='lat' dir='ltr'><strong>facti</strong></span> <span class='ocrx_word' id='word_1_78' title='bbox 1629 853 1692 915; x_wconf 91' lang='lat' dir='ltr'><strong>in</strong></span> <span class='ocrx_word' id='word_1_79' title='bbox 1753 851 1962 915; x_wconf 92' lang='lat' dir='ltr'><strong>locum</strong></span> <span class='ocrx_word' id='word_1_80' title='bbox 2022 851 2215 914; x_wconf 92' lang='lat' dir='ltr'><strong>alium</strong></span> <span class='ocrx_word' id='word_1_81' title='bbox 2275 853 2570 935; x_wconf 90' lang='lat' dir='ltr'><strong>quemvis</strong></span> <span class='ocrx_word' id='word_1_82' title='bbox 2628 853 2693 916; x_wconf 90' lang='lat' dir='ltr'><strong>in</strong></span> 
     </span>
     <span class='ocr_line' id='line_1_9' title="bbox 179 952 2696 1037; baseline 0.002 -25"><span class='ocrx_word' id='word_1_83' title='bbox 179 965 503 1033; x_wconf 83' lang='lat' dir='ltr'><strong>aequatore</strong></span> <span class='ocrx_word' id='word_1_84' title='bbox 534 967 743 1016; x_wconf 90' lang='lat' dir='ltr'><strong>motus</strong></span> <span class='ocrx_word' id='word_1_85' title='bbox 775 955 1001 1037; x_wconf 88' lang='lat' dir='ltr'><strong>primi;</strong></span> <span class='ocrx_word' id='word_1_86' title='bbox 1046 968 1118 1017; x_wconf 94' lang='lat' dir='ltr'><strong>ut</strong></span> <span class='ocrx_word' id='word_1_87' title='bbox 1164 955 1225 1017; x_wconf 85' lang='lat'>&amp;</span> <span class='ocrx_word' id='word_1_88' title='bbox 1272 954 1579 1035; x_wconf 88' lang='lat' dir='ltr'><strong>impulsus</strong></span> <span class='ocrx_word' id='word_1_89' title='bbox 1625 954 1812 1036; x_wconf 92' lang='lat' dir='ltr'><strong>primi</strong></span> <span class='ocrx_word' id='word_1_90' title='bbox 1857 953 2004 1016; x_wconf 88' lang='lat' dir='ltr'><strong>facti</strong></span> <span class='ocrx_word' id='word_1_91' title='bbox 2052 954 2115 1016; x_wconf 93' lang='lat' dir='ltr'><strong>in</strong></span> <span class='ocrx_word' id='word_1_92' title='bbox 2161 952 2369 1016; x_wconf 91' lang='lat' dir='ltr'><strong>locum</strong></span> <span class='ocrx_word' id='word_1_93' title='bbox 2401 954 2696 1036; x_wconf 87' lang='lat' dir='ltr'><strong>quemvis</strong></span> 
     </span>
     <span class='ocr_line' id='line_1_10' title="bbox 180 1051 2693 1138; baseline 0.003 -27"><span class='ocrx_word' id='word_1_94' title='bbox 180 1051 243 1112; x_wconf 91' lang='lat' dir='ltr'><strong>in</strong></span> <span class='ocrx_word' id='word_1_95' title='bbox 289 1065 614 1134; x_wconf 86' lang='lat' dir='ltr'><strong>aequatore</strong></span> <span class='ocrx_word' id='word_1_96' title='bbox 659 1067 887 1130; x_wconf 91' lang='lat' dir='ltr'><strong>motus,</strong></span> <span class='ocrx_word' id='word_1_97' title='bbox 921 1077 1116 1137; x_wconf 91' lang='lat' dir='ltr'><strong>quem</strong></span> <span class='ocrx_word' id='word_1_98' title='bbox 1163 1053 1473 1136; x_wconf 89' lang='lat' dir='ltr'><strong>impulsus</strong></span> <span class='ocrx_word' id='word_1_99' title='bbox 1519 1053 1840 1116; x_wconf 91' lang='lat' dir='ltr'><strong>secundus</strong></span> <span class='ocrx_word' id='word_1_100' title='bbox 1885 1055 2024 1117; x_wconf 91' lang='lat' dir='ltr'><strong>sine</strong></span> <span class='ocrx_word' id='word_1_101' title='bbox 2068 1054 2276 1136; x_wconf 91' lang='lat' dir='ltr'><strong>primo</strong></span> <span class='ocrx_word' id='word_1_102' title='bbox 2319 1068 2693 1138; x_wconf 78' lang='lat' dir='ltr'><strong>generaret3</strong></span> 
     </span>
    </p>
   </div>
   <div class='ocr_carea' id='block_1_3' title="bbox 178 1153 2750 1246">
    <p class='ocr_par' dir='ltr' id='par_1_3' title="bbox 178 1153 2750 1246">
     <span class='ocr_line' id='line_1_11' title="bbox 178 1153 2750 1246; baseline 0.002 -33"><span class='ocrx_word' id='word_1_103' title='bbox 178 1165 373 1234; x_wconf 91' lang='lat' dir='ltr'><strong>atque</strong></span> <span class='ocrx_word' id='word_1_104' title='bbox 434 1154 580 1217; x_wconf 92' lang='lat' dir='ltr'><strong>ideo</strong></span> <span class='ocrx_word' id='word_1_105' title='bbox 640 1155 1026 1238; x_wconf 89' lang='lat' dir='ltr'><strong>impulsuum</strong></span> <span class='ocrx_word' id='word_1_106' title='bbox 1098 1157 1432 1219; x_wconf 90' lang='lat' dir='ltr'><strong>amborum</strong></span> <span class='ocrx_word' id='word_1_107' title='bbox 1503 1155 1815 1218; x_wconf 87' lang='lat' dir='ltr'><strong>factorum</strong></span> <span class='ocrx_word' id='word_1_108' title='bbox 1892 1155 1956 1217; x_wconf 95' lang='lat' dir='ltr'><strong>in</strong></span> <span class='ocrx_word' id='word_1_109' title='bbox 2032 1153 2173 1218; x_wconf 93' lang='lat' dir='ltr'><strong>loca</strong></span> <span class='ocrx_word' id='word_1_110' title='bbox 2247 1178 2750 1246; x_wconf 61' lang='lat' dir='ltr'><strong>quaecunque:=</strong></span> 
     </span>
    </p>
   </div>
   <div class='ocr_carea' id='block_1_4' title="bbox 176 1254 2693 1441">
    <p class='ocr_par' dir='ltr' id='par_1_4' title="bbox 176 1254 2693 1441">
     <span class='ocr_line' id='line_1_12' title="bbox 176 1254 2692 1336; baseline 0.002 -22"><span class='ocrx_word' id='word_1_111' title='bbox 176 1254 576 1336; x_wconf 88' lang='lat' dir='ltr'><strong>generabunt</strong></span> <span class='ocrx_word' id='word_1_112' title='bbox 628 1255 692 1318; x_wconf 95' lang='lat' dir='ltr'><strong>hi</strong></span> <span class='ocrx_word' id='word_1_113' title='bbox 746 1259 1024 1321; x_wconf 92' lang='lat' dir='ltr'><strong>eundem</strong></span> <span class='ocrx_word' id='word_1_114' title='bbox 1079 1271 1324 1320; x_wconf 91' lang='lat' dir='ltr'><strong>motum</strong></span> <span class='ocrx_word' id='word_1_115' title='bbox 1379 1256 1746 1319; x_wconf 86' lang='lat' dir='ltr'><strong>circularem</strong></span> <span class='ocrx_word' id='word_1_116' title='bbox 1800 1279 1874 1319; x_wconf 90' lang='lat' dir='ltr'><strong>ac</strong></span> <span class='ocrx_word' id='word_1_117' title='bbox 1926 1257 1980 1319; x_wconf 87' lang='lat' dir='ltr'><strong>si</strong></span> <span class='ocrx_word' id='word_1_118' title='bbox 2034 1254 2220 1318; x_wconf 90' lang='lat' dir='ltr'><strong>simul</strong></span> <span class='ocrx_word' id='word_1_119' title='bbox 2276 1256 2339 1319; x_wconf 72' lang='grc' dir='ltr'>ἃ</span> <span class='ocrx_word' id='word_1_120' title='bbox 2383 1255 2581 1319; x_wconf 90' lang='lat' dir='ltr'><strong>semel</strong></span> <span class='ocrx_word' id='word_1_121' title='bbox 2628 1258 2692 1319; x_wconf 94' lang='lat' dir='ltr'><strong>in</strong></span> 
     </span>
     <span class='ocr_line' id='line_1_13' title="bbox 177 1351 2693 1441; baseline 0.002 -27"><span class='ocrx_word' id='word_1_122' title='bbox 177 1351 387 1416; x_wconf 91' lang='lat' dir='ltr'><strong>locum</strong></span> <span class='ocrx_word' id='word_1_123' title='bbox 463 1356 924 1421; x_wconf 89' lang='lat' dir='ltr'><strong>intersectionis</strong></span> <span class='ocrx_word' id='word_1_124' title='bbox 1002 1372 1401 1441; x_wconf 83' lang='lat' dir='ltr'><strong>aequatorum</strong></span> <span class='ocrx_word' id='word_1_125' title='bbox 1476 1371 1767 1421; x_wconf 90' lang='lat' dir='ltr'><strong>motuum</strong></span> <span class='ocrx_word' id='word_1_126' title='bbox 1851 1356 2117 1432; x_wconf 93' lang='lat' dir='ltr'><strong>illorum,</strong></span> <span class='ocrx_word' id='word_1_127' title='bbox 2190 1378 2354 1440; x_wconf 92' lang='lat' dir='ltr'><strong>quos</strong></span> <span class='ocrx_word' id='word_1_128' title='bbox 2426 1358 2693 1420; x_wconf 90' lang='lat' dir='ltr'><strong>seorsim</strong></span> 
     </span>
    </p>
   </div>
   <div class='ocr_carea' id='block_1_5' title="bbox 174 1453 2732 1543">
    <p class='ocr_par' dir='ltr' id='par_1_5' title="bbox 174 1453 2732 1543">
     <span class='ocr_line' id='line_1_14' title="bbox 174 1453 2732 1543; baseline 0.002 -27"><span class='ocrx_word' id='word_1_129' title='bbox 174 1469 572 1537; x_wconf 82' lang='lat' dir='ltr'><strong>generarent,</strong></span> <span class='ocrx_word' id='word_1_130' title='bbox 605 1458 874 1521; x_wconf 88' lang='lat' dir='ltr'><strong>fuissent</strong></span> <span class='ocrx_word' id='word_1_131' title='bbox 905 1460 1210 1542; x_wconf 91' lang='lat' dir='ltr'><strong>impressi.</strong></span> <span class='ocrx_word' id='word_1_132' title='bbox 1307 1458 1557 1522; x_wconf 87' lang='lat' dir='ltr'><strong>Globus</strong></span> <span class='ocrx_word' id='word_1_133' title='bbox 1591 1460 1783 1543; x_wconf 90' lang='lat' dir='ltr'><strong>igitur</strong></span> <span class='ocrx_word' id='word_1_134' title='bbox 1812 1459 2251 1542; x_wconf 90' lang='lat' dir='ltr'><strong>homogeneus</strong></span> <span class='ocrx_word' id='word_1_135' title='bbox 2284 1457 2347 1520; x_wconf 85' lang='lat'>&amp;</span> <span class='ocrx_word' id='word_1_136' title='bbox 2376 1458 2694 1540; x_wconf 89' lang='lat' dir='ltr'><strong>perfectus</strong></span> <span class='ocrx_word' id='word_1_137' title='bbox 2730 1453 2732 1456; x_wconf 50' lang='grc'>’</span> 
     </span>
    </p>
   </div>
   <div class='ocr_carea' id='block_1_6' title="bbox 174 1558 2696 2551">
    <p class='ocr_par' dir='ltr' id='par_1_6' title="bbox 174 1558 2696 2551">
     <span class='ocr_line' id='line_1_15' title="bbox 177 1558 2696 1643; baseline 0.002 -26"><span class='ocrx_word' id='word_1_138' title='bbox 177 1577 305 1618; x_wconf 92' lang='lat' dir='ltr'><strong>non</strong></span> <span class='ocrx_word' id='word_1_139' title='bbox 352 1558 581 1621; x_wconf 89' lang='lat' dir='ltr'><strong>retinet</strong></span> <span class='ocrx_word' id='word_1_140' title='bbox 625 1573 835 1623; x_wconf 88' lang='lat' dir='ltr'><strong>motus</strong></span> <span class='ocrx_word' id='word_1_141' title='bbox 881 1560 1094 1643; x_wconf 89' lang='lat' dir='ltr'><strong>plures</strong></span> <span class='ocrx_word' id='word_1_142' title='bbox 1140 1562 1487 1635; x_wconf 82' lang='lat' dir='ltr'><strong>distinctOS,</strong></span> <span class='ocrx_word' id='word_1_143' title='bbox 1537 1562 1653 1624; x_wconf 91' lang='lat' dir='ltr'><strong>sed</strong></span> <span class='ocrx_word' id='word_1_144' title='bbox 1709 1562 2052 1643; x_wconf 91' lang='lat' dir='ltr'><strong>impressos</strong></span> <span class='ocrx_word' id='word_1_145' title='bbox 2097 1580 2323 1622; x_wconf 91' lang='lat' dir='ltr'><strong>omnes</strong></span> <span class='ocrx_word' id='word_1_146' title='bbox 2368 1560 2696 1641; x_wconf 91' lang='lat' dir='ltr'><strong>componit</strong></span> 
     </span>
     <span class='ocr_line' id='line_1_16' title="bbox 178 1656 2693 1747; baseline 0.002 -29"><span class='ocrx_word' id='word_1_147' title='bbox 178 1656 239 1718; x_wconf 84' lang='lat'>&amp;</span> <span class='ocrx_word' id='word_1_148' title='bbox 298 1658 381 1720; x_wconf 92' lang='lat' dir='ltr'><strong>ad</strong></span> <span class='ocrx_word' id='word_1_149' title='bbox 442 1682 639 1722; x_wconf 92' lang='lat' dir='ltr'><strong>unum</strong></span> <span class='ocrx_word' id='word_1_150' title='bbox 692 1662 951 1737; x_wconf 88' lang='lat' dir='ltr'><strong>reducit,</strong></span> <span class='ocrx_word' id='word_1_151' title='bbox 1004 1663 1066 1725; x_wconf 84' lang='lat'>&amp;</span> <span class='ocrx_word' id='word_1_152' title='bbox 1119 1677 1433 1747; x_wconf 87' lang='lat' dir='ltr'><strong>quatenus</strong></span> <span class='ocrx_word' id='word_1_153' title='bbox 1489 1663 1552 1725; x_wconf 92' lang='lat' dir='ltr'><strong>in</strong></span> <span class='ocrx_word' id='word_1_154' title='bbox 1605 1684 1676 1725; x_wconf 93' lang='lat' dir='ltr'><strong>se</strong></span> <span class='ocrx_word' id='word_1_155' title='bbox 1730 1675 1843 1736; x_wconf 92' lang='lat' dir='ltr'><strong>est,</strong></span> <span class='ocrx_word' id='word_1_156' title='bbox 1897 1675 2163 1746; x_wconf 81' lang='lat' dir='ltr'><strong>gyratur</strong></span> <span class='ocrx_word' id='word_1_157' title='bbox 2213 1681 2469 1742; x_wconf 90' lang='lat' dir='ltr'><strong>semper</strong></span> <span class='ocrx_word' id='word_1_158' title='bbox 2515 1673 2693 1724; x_wconf 91' lang='lat' dir='ltr'><strong>motu</strong></span> 
     </span>
     <span class='ocr_line' id='line_1_17' title="bbox 174 1757 2691 1843; baseline 0.002 -25"><span class='ocrx_word' id='word_1_159' title='bbox 174 1757 442 1840; x_wconf 90' lang='lat' dir='ltr'><strong>simplici</strong></span> <span class='ocrx_word' id='word_1_160' title='bbox 498 1761 559 1823; x_wconf 85' lang='lat'>&amp;</span> <span class='ocrx_word' id='word_1_161' title='bbox 611 1762 907 1826; x_wconf 91' lang='lat' dir='ltr'><strong>uniformi</strong></span> <span class='ocrx_word' id='word_1_162' title='bbox 960 1765 1124 1827; x_wconf 90' lang='lat' dir='ltr'><strong>circa</strong></span> <span class='ocrx_word' id='word_1_163' title='bbox 1175 1787 1363 1827; x_wconf 85' lang='lat' dir='ltr'><strong>axem</strong></span> <span class='ocrx_word' id='word_1_164' title='bbox 1417 1764 1691 1838; x_wconf 94' lang='lat' dir='ltr'><strong>unicum,</strong></span> <span class='ocrx_word' id='word_1_165' title='bbox 1745 1761 2149 1825; x_wconf 90' lang='lat' dir='ltr'><strong>inclinatione</strong></span> <span class='ocrx_word' id='word_1_166' title='bbox 2201 1783 2458 1843; x_wconf 86' lang='lat' dir='ltr'><strong>semper</strong></span> <span class='ocrx_word' id='word_1_167' title='bbox 2515 1761 2691 1824; x_wconf 91' lang='lat' dir='ltr'><strong>inva-</strong></span> 
     </span>
     <span class='ocr_line' id='line_1_18' title="bbox 176 1857 2696 1947; baseline 0.003 -30"><span class='ocrx_word' id='word_1_168' title='bbox 176 1857 377 1920; x_wconf 91' lang='lat' dir='ltr'><strong>riabili</strong></span> <span class='ocrx_word' id='word_1_169' title='bbox 448 1860 686 1925; x_wconf 89' lang='lat' dir='ltr'><strong>datum.</strong></span> <span class='ocrx_word' id='word_1_170' title='bbox 832 1864 965 1926; x_wconf 89' lang='lat' dir='ltr'><strong>Sed</strong></span> <span class='ocrx_word' id='word_1_171' title='bbox 1037 1887 1154 1927; x_wconf 90' lang='lat' dir='ltr'><strong>nec</strong></span> <span class='ocrx_word' id='word_1_172' title='bbox 1223 1866 1322 1927; x_wconf 89' lang='lat' dir='ltr'><strong>vis</strong></span> <span class='ocrx_word' id='word_1_173' title='bbox 1390 1866 1744 1947; x_wconf 89' lang='lat' dir='ltr'><strong>centripeta</strong></span> <span class='ocrx_word' id='word_1_174' title='bbox 1814 1861 2287 1926; x_wconf 88' lang='lat' dir='ltr'><strong>inclinationem</strong></span> <span class='ocrx_word' id='word_1_175' title='bbox 2357 1860 2511 1936; x_wconf 83' lang='lat' dir='ltr'><strong>axiS,</strong></span> <span class='ocrx_word' id='word_1_176' title='bbox 2583 1875 2696 1925; x_wconf 91' lang='lat' dir='ltr'><strong>aut</strong></span> 
     </span>
     <span class='ocr_line' id='line_1_19' title="bbox 175 1960 2690 2049; baseline 0.003 -29"><span class='ocrx_word' id='word_1_177' title='bbox 175 1960 506 2022; x_wconf 93' lang='lat' dir='ltr'><strong>rotationis</strong></span> <span class='ocrx_word' id='word_1_178' title='bbox 559 1962 964 2026; x_wconf 89' lang='lat' dir='ltr'><strong>velocitatem</strong></span> <span class='ocrx_word' id='word_1_179' title='bbox 1018 1980 1265 2029; x_wconf 90' lang='lat' dir='ltr'><strong>mutare</strong></span> <span class='ocrx_word' id='word_1_180' title='bbox 1312 1979 1543 2049; x_wconf 87' lang='lat' dir='ltr'><strong>potest.</strong></span> <span class='ocrx_word' id='word_1_181' title='bbox 1639 1966 1711 2028; x_wconf 87' lang='lat' dir='ltr'><strong>Si</strong></span> <span class='ocrx_word' id='word_1_182' title='bbox 1763 1964 1995 2049; x_wconf 90' lang='lat' dir='ltr'><strong>globus</strong></span> <span class='ocrx_word' id='word_1_183' title='bbox 2049 1963 2242 2047; x_wconf 90' lang='lat' dir='ltr'><strong>plano</strong></span> <span class='ocrx_word' id='word_1_184' title='bbox 2293 1985 2690 2047; x_wconf 91' lang='lat' dir='ltr'><strong>quocunque,</strong></span> 
     </span>
     <span class='ocr_line' id='line_1_20' title="bbox 176 2064 2692 2149; baseline 0.002 -27"><span class='ocrx_word' id='word_1_185' title='bbox 176 2082 292 2141; x_wconf 92' lang='lat' dir='ltr'><strong>per</strong></span> <span class='ocrx_word' id='word_1_186' title='bbox 322 2075 607 2124; x_wconf 91' lang='lat' dir='ltr'><strong>centrum</strong></span> <span class='ocrx_word' id='word_1_187' title='bbox 639 2086 826 2125; x_wconf 90' lang='lat' dir='ltr'><strong>suum</strong></span> <span class='ocrx_word' id='word_1_188' title='bbox 859 2065 920 2126; x_wconf 84' lang='lat'>&amp;</span> <span class='ocrx_word' id='word_1_189' title='bbox 951 2080 1239 2147; x_wconf 89' lang='lat' dir='ltr'><strong>centrum</strong></span> <span class='ocrx_word' id='word_1_190' title='bbox 1288 2068 1350 2130; x_wconf 91' lang='lat' dir='ltr'><strong>in</strong></span> <span class='ocrx_word' id='word_1_191' title='bbox 1397 2066 1573 2149; x_wconf 90' lang='lat' dir='ltr'><strong>quod</strong></span> <span class='ocrx_word' id='word_1_192' title='bbox 1604 2067 1702 2128; x_wconf 88' lang='lat' dir='ltr'><strong>vis</strong></span> <span class='ocrx_word' id='word_1_193' title='bbox 1734 2066 2028 2149; x_wconf 91' lang='lat' dir='ltr'><strong>dirigitur</strong></span> <span class='ocrx_word' id='word_1_194' title='bbox 2071 2077 2458 2139; x_wconf 88' lang='lat' dir='ltr'><strong>transeunte,</strong></span> <span class='ocrx_word' id='word_1_195' title='bbox 2491 2064 2692 2127; x_wconf 91' lang='lat' dir='ltr'><strong>dividi</strong></span> 
     </span>
     <span class='ocr_line' id='line_1_21' title="bbox 176 2160 2694 2251; baseline 0.003 -29"><span class='ocrx_word' id='word_1_196' title='bbox 176 2160 563 2246; x_wconf 91' lang='lat' dir='ltr'><strong>intelligatur</strong></span> <span class='ocrx_word' id='word_1_197' title='bbox 614 2165 677 2226; x_wconf 93' lang='lat' dir='ltr'><strong>in</strong></span> <span class='ocrx_word' id='word_1_198' title='bbox 731 2165 861 2228; x_wconf 92' lang='lat' dir='ltr'><strong>duo</strong></span> <span class='ocrx_word' id='word_1_199' title='bbox 914 2166 1398 2249; x_wconf 79' lang='lat' dir='ltr'><strong>hemisphaeria3</strong></span> <span class='ocrx_word' id='word_1_200' title='bbox 1454 2166 1708 2251; x_wconf 89' lang='lat' dir='ltr'><strong>urgebit</strong></span> <span class='ocrx_word' id='word_1_201' title='bbox 1752 2188 2008 2249; x_wconf 91' lang='lat' dir='ltr'><strong>semper</strong></span> <span class='ocrx_word' id='word_1_202' title='bbox 2050 2167 2150 2228; x_wconf 88' lang='lat' dir='ltr'><strong>vis</strong></span> <span class='ocrx_word' id='word_1_203' title='bbox 2197 2164 2302 2228; x_wconf 91' lang='lat' dir='ltr'><strong>illa</strong></span> <span class='ocrx_word' id='word_1_204' title='bbox 2352 2178 2694 2248; x_wconf 87' lang='lat' dir='ltr'><strong>utrumque</strong></span> 
     </span>
     <span class='ocr_line' id='line_1_22' title="bbox 175 2263 2691 2353; baseline 0.002 -29"><span class='ocrx_word' id='word_1_205' title='bbox 175 2263 693 2346; x_wconf 79' lang='lat' dir='ltr'><strong>hemisphaerium</strong></span> <span class='ocrx_word' id='word_1_206' title='bbox 740 2267 1085 2350; x_wconf 81' lang='lat' dir='ltr'><strong>aequaliter,</strong></span> <span class='ocrx_word' id='word_1_207' title='bbox 1136 2269 1198 2331; x_wconf 73' lang='grc' dir='ltr'><strong>8ε</strong></span> <span class='ocrx_word' id='word_1_208' title='bbox 1243 2282 1583 2352; x_wconf 86' lang='lat' dir='ltr'><strong>propterea</strong></span> <span class='ocrx_word' id='word_1_209' title='bbox 1628 2266 1910 2353; x_wconf 94' lang='lat' dir='ltr'><strong>globum,</strong></span> <span class='ocrx_word' id='word_1_210' title='bbox 1959 2267 2173 2351; x_wconf 91' lang='lat' dir='ltr'><strong>quoad</strong></span> <span class='ocrx_word' id='word_1_211' title='bbox 2226 2280 2472 2330; x_wconf 91' lang='lat' dir='ltr'><strong>motum</strong></span> <span class='ocrx_word' id='word_1_212' title='bbox 2527 2280 2691 2329; x_wconf 92' lang='lat' dir='ltr'><strong>rota-</strong></span> 
     </span>
     <span class='ocr_line' id='line_1_23' title="bbox 176 2365 2695 2451; baseline 0.002 -26"><span class='ocrx_word' id='word_1_213' title='bbox 176 2365 381 2439; x_wconf 80' lang='lat' dir='ltr'><strong>tioniS,</strong></span> <span class='ocrx_word' id='word_1_214' title='bbox 445 2366 681 2429; x_wconf 90' lang='lat' dir='ltr'><strong>nullam</strong></span> <span class='ocrx_word' id='word_1_215' title='bbox 743 2369 805 2430; x_wconf 92' lang='lat' dir='ltr'><strong>in</strong></span> <span class='ocrx_word' id='word_1_216' title='bbox 867 2382 1115 2451; x_wconf 89' lang='lat' dir='ltr'><strong>partem</strong></span> <span class='ocrx_word' id='word_1_217' title='bbox 1178 2370 1519 2433; x_wconf 91' lang='lat' dir='ltr'><strong>inclinabit.</strong></span> <span class='ocrx_word' id='word_1_218' title='bbox 1661 2369 1966 2436; x_wconf 82' lang='lat' dir='ltr'><strong>Addatur</strong></span> <span class='ocrx_word' id='word_1_219' title='bbox 2022 2390 2180 2432; x_wconf 89' lang='lat' dir='ltr'><strong>vero</strong></span> <span class='ocrx_word' id='word_1_220' title='bbox 2239 2366 2468 2430; x_wconf 89' lang='lat' dir='ltr'><strong>alicubi</strong></span> <span class='ocrx_word' id='word_1_221' title='bbox 2530 2367 2695 2430; x_wconf 92' lang='lat' dir='ltr'><strong>inter</strong></span> 
     </span>
     <span class='ocr_line' id='line_1_24' title="bbox 175 2465 2693 2551; baseline 0.001 -22"><span class='ocrx_word' id='word_1_222' title='bbox 175 2465 392 2548; x_wconf 93' lang='lat' dir='ltr'><strong>polum</strong></span> <span class='ocrx_word' id='word_1_223' title='bbox 440 2468 501 2529; x_wconf 66' lang='grc' dir='ltr'>ἃ</span> <span class='ocrx_word' id='word_1_224' title='bbox 547 2483 938 2551; x_wconf 82' lang='lat' dir='ltr'><strong>aequatorem</strong></span> <span class='ocrx_word' id='word_1_225' title='bbox 986 2473 1252 2534; x_wconf 88' lang='lat' dir='ltr'><strong>materia</strong></span> <span class='ocrx_word' id='word_1_226' title='bbox 1306 2494 1475 2536; x_wconf 91' lang='lat' dir='ltr'><strong>nova</strong></span> <span class='ocrx_word' id='word_1_227' title='bbox 1526 2472 1587 2534; x_wconf 92' lang='lat' dir='ltr'><strong>in</strong></span> <span class='ocrx_word' id='word_1_228' title='bbox 1638 2470 1909 2538; x_wconf 89' lang='lat' dir='ltr'><strong>formam</strong></span> <span class='ocrx_word' id='word_1_229' title='bbox 1963 2470 2197 2536; x_wconf 91' lang='lat' dir='ltr'><strong>montis</strong></span> <span class='ocrx_word' id='word_1_230' title='bbox 2247 2467 2580 2544; x_wconf 88' lang='lat' dir='ltr'><strong>cumulata,</strong></span> <span class='ocrx_word' id='word_1_231' title='bbox 2630 2468 2693 2532; x_wconf 82' lang='lat'>&amp;</span> 
     </span>
    </p>
   </div>
   <div class='ocr_carea' id='block_1_7' title="bbox 178 2568 2780 2651">
    <p class='ocr_par' dir='ltr' id='par_1_7' title="bbox 178 2568 2780 2651">
     <span class='ocr_line' id='line_1_25' title="bbox 178 2568 2780 2651; baseline 0 -21"><span class='ocrx_word' id='word_1_232' title='bbox 178 2568 330 2641; x_wconf 80' lang='lat' dir='ltr'><strong>haee,</strong></span> <span class='ocrx_word' id='word_1_233' title='bbox 365 2584 674 2651; x_wconf 90' lang='lat' dir='ltr'><strong>perpetuo</strong></span> <span class='ocrx_word' id='word_1_234' title='bbox 719 2586 949 2635; x_wconf 90' lang='lat' dir='ltr'><strong>conatu</strong></span> <span class='ocrx_word' id='word_1_235' title='bbox 998 2574 1337 2642; x_wconf 88' lang='lat' dir='ltr'><strong>recedendi</strong></span> <span class='ocrx_word' id='word_1_236' title='bbox 1384 2596 1422 2636; x_wconf 90' lang='lat' dir='ltr'><strong>a</strong></span> <span class='ocrx_word' id='word_1_237' title='bbox 1468 2587 1686 2638; x_wconf 88' lang='lat' dir='ltr'><strong>centro</strong></span> <span class='ocrx_word' id='word_1_238' title='bbox 1731 2573 1829 2635; x_wconf 90' lang='lat' dir='ltr'><strong>sui</strong></span> <span class='ocrx_word' id='word_1_239' title='bbox 1876 2586 2103 2646; x_wconf 82' lang='lat' dir='ltr'><strong>motuS,</strong></span> <span class='ocrx_word' id='word_1_240' title='bbox 2137 2570 2418 2633; x_wconf 90' lang='lat' dir='ltr'><strong>turbabit</strong></span> <span class='ocrx_word' id='word_1_241' title='bbox 2447 2583 2692 2633; x_wconf 86' lang='lat' dir='ltr'><strong>motum</strong></span> <span class='ocrx_word' id='word_1_242' title='bbox 2776 2608 2780 2611; x_wconf 94' lang='lat'><em>-</em></span> 
     </span>
    </p>
   </div>
   <div class='ocr_carea' id='block_1_8' title="bbox 128 2664 2694 3566">
    <p class='ocr_par' dir='ltr' id='par_1_8' title="bbox 128 2664 2694 3566">
     <span class='ocr_line' id='line_1_26' title="bbox 174 2664 2694 2757; baseline 0.001 -27"><span class='ocrx_word' id='word_1_243' title='bbox 174 2667 365 2752; x_wconf 90' lang='lat' dir='ltr'><strong>globi,</strong></span> <span class='ocrx_word' id='word_1_244' title='bbox 399 2670 713 2753; x_wconf 89' lang='lat' dir='ltr'><strong>facietque</strong></span> <span class='ocrx_word' id='word_1_245' title='bbox 758 2685 830 2734; x_wconf 93' lang='lat' dir='ltr'><strong>ut</strong></span> <span class='ocrx_word' id='word_1_246' title='bbox 873 2671 1001 2754; x_wconf 92' lang='lat' dir='ltr'><strong>poli</strong></span> <span class='ocrx_word' id='word_1_247' title='bbox 1048 2675 1185 2757; x_wconf 87' lang='lat' dir='ltr'><strong>ejus</strong></span> <span class='ocrx_word' id='word_1_248' title='bbox 1232 2687 1444 2737; x_wconf 91' lang='lat' dir='ltr'><strong>errent</strong></span> <span class='ocrx_word' id='word_1_249' title='bbox 1487 2697 1604 2756; x_wconf 92' lang='lat' dir='ltr'><strong>per</strong></span> <span class='ocrx_word' id='word_1_250' title='bbox 1649 2674 1845 2756; x_wconf 91' lang='lat' dir='ltr'><strong>ipsius</strong></span> <span class='ocrx_word' id='word_1_251' title='bbox 1883 2664 2299 2756; x_wconf 84' lang='lat' dir='ltr'><strong>superficiem,</strong></span> <span class='ocrx_word' id='word_1_252' title='bbox 2335 2671 2397 2734; x_wconf 85' lang='lat'>&amp;</span> <span class='ocrx_word' id='word_1_253' title='bbox 2428 2669 2694 2734; x_wconf 88' lang='lat' dir='ltr'><strong>circulos</strong></span> 
     </span>
     <span class='ocr_line' id='line_1_27' title="bbox 128 2768 2693 2858; baseline 0.003 -27"><span class='ocrx_word' id='word_1_254' title='bbox 128 2768 134 2773; x_wconf 77' lang='grc'><strong>’</strong></span> <span class='ocrx_word' id='word_1_255' title='bbox 177 2771 410 2832; x_wconf 91' lang='lat' dir='ltr'><strong>circum</strong></span> <span class='ocrx_word' id='word_1_256' title='bbox 456 2793 526 2833; x_wconf 93' lang='lat' dir='ltr'><strong>se</strong></span> <span class='ocrx_word' id='word_1_257' title='bbox 571 2785 1008 2855; x_wconf 89' lang='lat' dir='ltr'><strong>punctumque</strong></span> <span class='ocrx_word' id='word_1_258' title='bbox 1052 2776 1172 2837; x_wconf 91' lang='lat' dir='ltr'><strong>sibi</strong></span> <span class='ocrx_word' id='word_1_259' title='bbox 1218 2774 1584 2858; x_wconf 89' lang='lat' dir='ltr'><strong>oppositum</strong></span> <span class='ocrx_word' id='word_1_260' title='bbox 1629 2787 1941 2856; x_wconf 90' lang='lat' dir='ltr'><strong>perpetuo</strong></span> <span class='ocrx_word' id='word_1_261' title='bbox 1979 2773 2357 2838; x_wconf 89' lang='lat' dir='ltr'><strong>describant.</strong></span> <span class='ocrx_word' id='word_1_262' title='bbox 2456 2772 2693 2854; x_wconf 82' lang='lat' dir='ltr'><strong>Neque</strong></span> 
     </span>
     <span class='ocr_line' id='line_1_28' title="bbox 179 2871 2690 2961; baseline 0 -28"><span class='ocrx_word' id='word_1_263' title='bbox 179 2871 527 2955; x_wconf 88' lang='lat' dir='ltr'><strong>corrigetur</strong></span> <span class='ocrx_word' id='word_1_264' title='bbox 571 2873 691 2934; x_wconf 89' lang='lat' dir='ltr'><strong>ista</strong></span> <span class='ocrx_word' id='word_1_265' title='bbox 735 2876 1094 2961; x_wconf 65' lang='lat' dir='ltr'><strong>vagationis</strong></span> <span class='ocrx_word' id='word_1_266' title='bbox 1141 2877 1500 2950; x_wconf 82' lang='lat' dir='ltr'><strong>enormitaS,</strong></span> <span class='ocrx_word' id='word_1_267' title='bbox 1551 2876 1669 2940; x_wconf 91' lang='lat' dir='ltr'><strong>nisi</strong></span> <span class='ocrx_word' id='word_1_268' title='bbox 1716 2874 1987 2939; x_wconf 87' lang='lat' dir='ltr'><strong>locando</strong></span> <span class='ocrx_word' id='word_1_269' title='bbox 2035 2886 2320 2940; x_wconf 89' lang='lat' dir='ltr'><strong>montem</strong></span> <span class='ocrx_word' id='word_1_270' title='bbox 2367 2871 2541 2935; x_wconf 92' lang='lat' dir='ltr'><strong>illum</strong></span> <span class='ocrx_word' id='word_1_271' title='bbox 2585 2871 2690 2935; x_wconf 89' lang='lat' dir='ltr'><strong>vel</strong></span> 
     </span>
     <span class='ocr_line' id='line_1_29' title="bbox 178 2971 2689 3061; baseline 0.001 -28"><span class='ocrx_word' id='word_1_272' title='bbox 178 2973 242 3034; x_wconf 91' lang='lat' dir='ltr'><strong>in</strong></span> <span class='ocrx_word' id='word_1_273' title='bbox 295 2971 444 3053; x_wconf 92' lang='lat' dir='ltr'><strong>polo</strong></span> <span class='ocrx_word' id='word_1_274' title='bbox 497 2971 814 3049; x_wconf 89' lang='lat' dir='ltr'><strong>alterutro,</strong></span> <span class='ocrx_word' id='word_1_275' title='bbox 849 2998 977 3057; x_wconf 92' lang='lat' dir='ltr'><strong>quo</strong></span> <span class='ocrx_word' id='word_1_276' title='bbox 1027 2978 1088 3038; x_wconf 91' lang='lat' dir='ltr'><strong>in</strong></span> <span class='ocrx_word' id='word_1_277' title='bbox 1142 2999 1292 3039; x_wconf 90' lang='lat' dir='ltr'><strong>casu</strong></span> <span class='ocrx_word' id='word_1_278' title='bbox 1350 2976 1490 3061; x_wconf 90' lang='lat' dir='ltr'><strong>(per</strong></span> <span class='ocrx_word' id='word_1_279' title='bbox 1541 2974 1727 3038; x_wconf 89' lang='lat' dir='ltr'><strong>corol.</strong></span> <span class='ocrx_word' id='word_1_280' title='bbox 1783 2975 1889 3061; x_wconf 89' lang='lat'><strong>21)</strong></span> <span class='ocrx_word' id='word_1_281' title='bbox 1941 2977 2092 3039; x_wconf 92' lang='lat' dir='ltr'><strong>nodi</strong></span> <span class='ocrx_word' id='word_1_282' title='bbox 2158 2975 2500 3057; x_wconf 82' lang='lat' dir='ltr'><strong>aequatoris</strong></span> <span class='ocrx_word' id='word_1_283' title='bbox 2545 2996 2689 3055; x_wconf 92' lang='lat' dir='ltr'><strong>pro·</strong></span> 
     </span>
     <span class='ocr_line' id='line_1_30' title="bbox 176 3073 2693 3163; baseline 0 -29"><span class='ocrx_word' id='word_1_284' title='bbox 176 3074 578 3157; x_wconf 88' lang='lat' dir='ltr'><strong>gredientur;</strong></span> <span class='ocrx_word' id='word_1_285' title='bbox 646 3075 750 3137; x_wconf 84' lang='lat' dir='ltr'><strong>vel</strong></span> <span class='ocrx_word' id='word_1_286' title='bbox 822 3077 884 3138; x_wconf 91' lang='lat' dir='ltr'><strong>in</strong></span> <span class='ocrx_word' id='word_1_287' title='bbox 970 3091 1312 3163; x_wconf 83' lang='lat' dir='ltr'><strong>aequatore,</strong></span> <span class='ocrx_word' id='word_1_288' title='bbox 1386 3099 1513 3159; x_wconf 91' lang='lat' dir='ltr'><strong>qua</strong></span> <span class='ocrx_word' id='word_1_289' title='bbox 1578 3077 1822 3143; x_wconf 88' lang='lat' dir='ltr'><strong>ratione</strong></span> <span class='ocrx_word' id='word_1_290' title='bbox 1894 3076 2034 3160; x_wconf 91' lang='lat' dir='ltr'><strong>(per</strong></span> <span class='ocrx_word' id='word_1_291' title='bbox 2107 3074 2294 3139; x_wconf 90' lang='lat' dir='ltr'><strong>corol.</strong></span> <span class='ocrx_word' id='word_1_292' title='bbox 2371 3073 2475 3157; x_wconf 87' lang='lat'><strong>20)</strong></span> <span class='ocrx_word' id='word_1_293' title='bbox 2515 3073 2693 3136; x_wconf 72' lang='lat' dir='ltr'><strong>‘nodi</strong></span> 
     </span>
     <span class='ocr_line' id='line_1_31' title="bbox 180 3174 2692 3260; baseline 0 -25"><span class='ocrx_word' id='word_1_294' title='bbox 180 3174 652 3256; x_wconf 89' lang='lat' dir='ltr'><strong>regredientur;</strong></span> <span class='ocrx_word' id='word_1_295' title='bbox 714 3176 817 3239; x_wconf 87' lang='lat' dir='ltr'><strong>vel</strong></span> <span class='ocrx_word' id='word_1_296' title='bbox 867 3178 1146 3260; x_wconf 91' lang='lat' dir='ltr'><strong>denique</strong></span> <span class='ocrx_word' id='word_1_297' title='bbox 1199 3200 1280 3240; x_wconf 86' lang='lat' dir='ltr'><strong>ex</strong></span> <span class='ocrx_word' id='word_1_298' title='bbox 1328 3175 1527 3239; x_wconf 89' lang='lat' dir='ltr'><strong>altera</strong></span> <span class='ocrx_word' id='word_1_299' title='bbox 1579 3177 1717 3239; x_wconf 88' lang='lat' dir='ltr'><strong>axis</strong></span> <span class='ocrx_word' id='word_1_300' title='bbox 1770 3191 1952 3258; x_wconf 89' lang='lat' dir='ltr'><strong>parte</strong></span> <span class='ocrx_word' id='word_1_301' title='bbox 2004 3176 2307 3239; x_wconf 92' lang='lat' dir='ltr'><strong>addendo</strong></span> <span class='ocrx_word' id='word_1_302' title='bbox 2360 3175 2692 3237; x_wconf 88' lang='lat' dir='ltr'><strong>materiam</strong></span> 
     </span>
     <span class='ocr_line' id='line_1_32' title="bbox 165 3272 2692 3358; baseline -0 -22"><span class='ocrx_word' id='word_1_303' title='bbox 165 3295 430 3350; x_wconf 87' lang='lat' dir='ltr'><strong>novam,</strong></span> <span class='ocrx_word' id='word_1_304' title='bbox 486 3298 614 3358; x_wconf 91' lang='lat' dir='ltr'><strong>qua</strong></span> <span class='ocrx_word' id='word_1_305' title='bbox 666 3300 849 3340; x_wconf 90' lang='lat' dir='ltr'><strong>mons</strong></span> <span class='ocrx_word' id='word_1_306' title='bbox 903 3280 1067 3341; x_wconf 91' lang='lat' dir='ltr'><strong>inter</strong></span> <span class='ocrx_word' id='word_1_307' title='bbox 1117 3278 1510 3341; x_wconf 90' lang='lat' dir='ltr'><strong>movendum</strong></span> <span class='ocrx_word' id='word_1_308' title='bbox 1556 3276 1834 3352; x_wconf 90' lang='lat' dir='ltr'><strong>libretur,</strong></span> <span class='ocrx_word' id='word_1_309' title='bbox 1884 3277 1947 3340; x_wconf 67' lang='grc' dir='ltr'>ἃ</span> <span class='ocrx_word' id='word_1_310' title='bbox 1991 3277 2112 3340; x_wconf 92' lang='lat' dir='ltr'><strong>hoc</strong></span> <span class='ocrx_word' id='word_1_311' title='bbox 2159 3288 2347 3358; x_wconf 89' lang='lat' dir='ltr'><strong>pacto</strong></span> <span class='ocrx_word' id='word_1_312' title='bbox 2393 3275 2543 3339; x_wconf 91' lang='lat' dir='ltr'><strong>nodi</strong></span> <span class='ocrx_word' id='word_1_313' title='bbox 2589 3272 2692 3336; x_wconf 89' lang='lat' dir='ltr'><strong>vel</strong></span> 
     </span>
     <span class='ocr_line' id='line_1_33' title="bbox 179 3374 2692 3462; baseline 0 -26"><span class='ocrx_word' id='word_1_314' title='bbox 179 3377 680 3459; x_wconf 89' lang='lat' dir='ltr'><strong>progredientur,</strong></span> <span class='ocrx_word' id='word_1_315' title='bbox 715 3378 817 3442; x_wconf 88' lang='lat' dir='ltr'><strong>vel</strong></span> <span class='ocrx_word' id='word_1_316' title='bbox 865 3381 1179 3454; x_wconf 89' lang='lat' dir='ltr'><strong>recedent,</strong></span> <span class='ocrx_word' id='word_1_317' title='bbox 1214 3380 1480 3462; x_wconf 90' lang='lat' dir='ltr'><strong>perinde</strong></span> <span class='ocrx_word' id='word_1_318' title='bbox 1526 3393 1597 3442; x_wconf 92' lang='lat' dir='ltr'><strong>ut</strong></span> <span class='ocrx_word' id='word_1_319' title='bbox 1642 3401 1826 3445; x_wconf 91' lang='lat' dir='ltr'><strong>mons</strong></span> <span class='ocrx_word' id='word_1_320' title='bbox 1874 3378 1936 3441; x_wconf 67' lang='grc' dir='ltr'>ἃ</span> <span class='ocrx_word' id='word_1_321' title='bbox 1982 3377 2195 3445; x_wconf 79' lang='lat' dir='ltr'><strong>haecce</strong></span> <span class='ocrx_word' id='word_1_322' title='bbox 2226 3398 2397 3442; x_wconf 90' lang='lat' dir='ltr'><strong>nova</strong></span> <span class='ocrx_word' id='word_1_323' title='bbox 2427 3374 2692 3441; x_wconf 85' lang='lat' dir='ltr'><strong>materia</strong></span> 
     </span>
     <span class='ocr_line' id='line_1_34' title="bbox 177 3475 1492 3566; baseline 0.007 -29"><span class='ocrx_word' id='word_1_324' title='bbox 177 3489 327 3538; x_wconf 91' lang='lat' dir='ltr'><strong>sunt</strong></span> <span class='ocrx_word' id='word_1_325' title='bbox 357 3475 459 3539; x_wconf 85' lang='lat' dir='ltr'><strong>vel</strong></span> <span class='ocrx_word' id='word_1_326' title='bbox 491 3478 640 3561; x_wconf 91' lang='lat' dir='ltr'><strong>polo</strong></span> <span class='ocrx_word' id='word_1_327' title='bbox 671 3478 772 3543; x_wconf 89' lang='lat' dir='ltr'><strong>vel</strong></span> <span class='ocrx_word' id='word_1_328' title='bbox 806 3481 1113 3566; x_wconf 76' lang='lat' dir='ltr'><strong>aequatori</strong></span> <span class='ocrx_word' id='word_1_329' title='bbox 1146 3481 1492 3564; x_wconf 82' lang='lat' dir='ltr'><strong>propiores.</strong></span> 
     </span>
    </p>
   </div>
   <div class='ocr_carea' id='block_1_9' title="bbox 2805 0 2852 201">
    <p class='ocr_par' dir='ltr' id='par_1_9' title="bbox 2805 0 2852 201">
     <span class='ocr_line' id='line_1_35' title="bbox 2805 0 2852 201; baseline 0 -9"><span class='ocrx_word' id='word_1_330' title='bbox 2805 0 2852 201; x_wconf 71' lang='lat' dir='ltr'><strong>l,</strong></span> 
     </span>
    </p>
   </div>
   <div class='ocr_carea' id='block_1_10' title="bbox 2843 202 2852 268">
    <p class='ocr_par' dir='ltr' id='par_1_10' title="bbox 2843 202 2852 268">
     <span class='ocr_line' id='line_1_36' title="bbox 2843 202 2852 268; baseline 0 0"><span class='ocrx_word' id='word_1_331' title='bbox 2843 202 2852 268; x_wconf 72' lang='grc' dir='ltr'>ἰ</span> 
     </span>
    </p>
   </div>
  </div>
 </body>
</html>
