2846 4250
162 114 287 190 488
647 98 652 103 “
935 114 1054 164 DE
1088 114 1376 166 MUNDJ
1397 113 1756 165 SYSTEMA
1765 115 1863 165 TE
2792 0 2846 313 ¹

274 279 347 343 Si
377 279 845 364 longitudinum
887 281 1366 344 observatarum
1411 302 1630 363 parvae
1659 281 1788 343 sint
1817 281 2208 358 differentiae,
2240 296 2396 366 puta
2423 289 2653 371 gradu·
2836 307 2846 367 'q

158 402 266 443 um
300 393 566 443 »tantum
618 401 660 460 4
711 379 814 444 vel
872 399 904 461 5
971 382 1333 445 suffecerint
1391 382 1871 445 observationes
1916 395 2046 445 tres
2097 381 2201 445 vel
2247 397 2522 466 quatuor
2570 388 2654 451 ad

156 481 606 543 inveniendam
636 479 1099 565 longitudinem
1132 482 1194 545 &
1237 481 1637 545 latitudinem
1674 504 1925 546 novam.
2049 482 2166 545 Sin
2211 484 2483 568 majores
2528 487 2659 551 sint

153 586 543 660 differentiae,
576 597 730 668 puta
757 585 1072 669 graduum
1114 607 1189 650 10
1218 584 1322 648 vel
1358 607 1454 661 20,
1489 586 1816 649 debebunt
1859 585 2340 649 observationes
2372 587 2656 671 quinque

150 685 454 748 adhiberi.

975 1010 1447 1073 LEMMA
1570 1013 1808 1074 VII.

255 1186 391 1247 Per
437 1185 658 1248 datum
700 1194 1017 1269 punctum
1075 1188 1123 1249 P
1175 1189 1393 1251 ducere
1440 1198 1672 1252 rectam
1724 1190 1958 1252 lineam
2007 1190 2059 1252 B
2087 1191 2157 1266 C,
2205 1193 2385 1274 cujus
2425 1201 2651 1276 partes

150 1301 198 1361 P
226 1301 293 1375 B,
355 1300 402 1362 P
431 1302 501 1376 C,
557 1304 736 1365 rectis
791 1303 1033 1365 duabus
1074 1302 1387 1384 positione
1442 1303 1611 1367 datis
1663 1304 1727 1365 A
1756 1304 1825 1380 B,
1876 1304 1940 1366 A
1969 1305 2024 1368 C
2082 1306 2371 1385 abscissae,
2432 1309 2650 1374 datam

136 1410 400 1481 habeant
428 1418 735 1480 rationem
778 1419 871 1481 ad
891 1419 1165 1482 invicem.

252 1603 316 1664 A
348 1617 585 1685 puncto
630 1604 737 1668 illo
767 1607 832 1667 P
875 1606 958 1667 ad
1004 1619 1317 1668 rectarum
1362 1604 1593 1668 alteru-

133 1716 297 1765 tram
326 1706 396 1765 A
421 1706 488 1765 B
531 1706 798 1768 ducatur
841 1720 1013 1769 recta
1053 1708 1298 1789 quaevis
1328 1709 1497 1781 PD,
1533 1706 1596 1769 &

131 1806 518 1886 producatur
547 1807 774 1869 eadem
805 1829 1030 1869 versus
1055 1821 1292 1870 rectam
1325 1806 1592 1870 alteram

126 1908 197 1968 A
229 1907 513 1989 Cusque
543 1908 626 1969 ad
656 1910 739 1982 E,
774 1922 846 1970 ut
889 1909 972 1971 sit
1014 1910 1168 1970 PE
1210 1910 1293 1970 ad
1325 1911 1481 1971 PD
1530 1910 1593 1971 in

127 2007 279 2068 data
310 2005 414 2068 illa
443 2008 705 2071 ratione.
804 2010 935 2090 Ipsi
967 2010 1036 2071 A
1061 2011 1135 2071 D
1178 2008 1483 2091 parallela
1513 2011 1596 2073 sit

125 2108 312 2181 EQ·
359 2108 420 2170 &
472 2110 525 2170 si
579 2122 806 2192 agatur
859 2111 1091 2184 CPB,
1148 2112 1268 2173 erit
1318 2113 1384 2173 P
1410 2112 1469 2175 C
1509 2112 1594 2174 ad

124 2209 271 2270 PB
299 2221 371 2272 ut
400 2211 553 2272 PE
579 2211 662 2272 ad
692 2212 860 2275 PD.
957 2212 1224 2289 Q.E.F.

931 2539 987 2601 L
1022 2539 1079 2601 E
1119 2540 1190 2601 M
1231 2539 1304 2602 M
1340 2540 1406 2602 A
1531 2541 1592 2602 V
1631 2542 1656 2604 I
1701 2542 1728 2603 I
1770 2542 1835 2605 Ι.

236 2691 345 2754 Sit
374 2691 438 2753 A
466 2692 516 2754 B
544 2692 599 2755 C
612 2695 929 2776 parabola
957 2696 1323 2759 umbilicum
1367 2696 1596 2761 liabens
1625 2697 1690 2762 S.
1821 2697 2074 2762 Chorda
2119 2698 2184 2761 A
2212 2699 2268 2763 C
2299 2699 2518 2763 bisecta
2562 2701 2636 2764 in

58 2932 145 2961 .....

97 3894 121 3955 Ι
157 3896 563 3962 abscindatur
593 3911 969 3985 segmentum
1015 3904 1079 3967 A
1112 3906 1162 3967 B
1190 3907 1244 3970 C
1275 3908 1325 3986 I,
1371 3910 1552 3992 cujus
1579 3913 1884 3976 diameter
1922 3915 2010 3978 sit
2042 3915 2068 3978 I
2104 3940 2147 3986 μ
2182 3917 2266 3983 (⁰9³
2294 3925 2508 3980 vertex
2533 3941 2591 3987 μ.
