2852 4250
15 1556 36 1595 l!

15 1604 30 1634 :.

8 1641 46 1671 ’.ἢ

18 1671 43 1741 ξ

22 1766 46 1817 ἑ

19 1821 43 1881 Ξ·

12 1917 48 1972 ’ἢ

23 1983 42 2000 ’-

19 2011 25 2024 V

1092 129 1330 178 LIBER
1371 128 1706 181 TERTIUS.
2479 160 2602 222 407

172 306 455 358 centrum
497 291 766 372 petebat.
861 290 1056 350 Unde
1099 310 1240 349 cum
1283 301 1448 350 terra
1489 291 1832 352 communis
1877 314 2165 373 suprema
2194 302 2368 378 quasi
2411 304 2601 384 duplo

173 391 426 475 gravior
465 388 548 449 sit
589 408 778 468 quam
822 408 1000 466 aqua,
1034 385 1096 446 &
1137 385 1325 465 paulo
1370 384 1622 445 inferius
1673 386 1735 445 in
1780 386 2006 450 fodinis
2057 395 2231 471 quasi
2282 396 2462 476 triplo
2501 401 2600 462 vel

175 484 521 569 quadruplo
578 496 686 544 aut
742 483 929 544 etiam
987 480 1314 563 quintuplo
1369 482 1620 562 gravior
1669 485 2007 561 reperiatur
2044 511 2056 548 :
2095 491 2458 554 .verisimile
2507 511 2603 558 est

176 585 345 666 quod
404 583 584 662 copia
640 582 917 641 materiae
977 580 1167 642 totius
1228 580 1289 639 in
1348 591 1512 639 terra
1562 581 1737 659 quasi
1797 582 2118 662 quintuplo
2169 585 2268 646 vel
2319 592 2602 671 sextuplo

174 675 372 763 maj0r
420 680 502 740 sit
547 699 735 758 quam
782 678 835 738 si
886 690 1019 738 tota
1069 699 1149 738 ex
1199 698 1363 757 aqua
1405 689 1752 751 constaret;
1804 682 2145 757 praesertim
2196 704 2334 744 cum
2378 698 2601 751 terram

174 777 351 858 quasi
382 773 729 856 quadruplo
758 774 1110 835 densiorem
1146 795 1285 834 esse
1315 795 1502 853 quam
1529 775 1744 855 jovem
1779 776 1912 856 jam
1955 791 2099 840 ante
2142 794 2457 844 ostensum
2499 788 2594 848 sit.

113 943 119 948 ,
175 876 388 954 Quare
431 873 483 934 si
518 873 754 954 jupiter
781 870 967 951 paulo
1012 872 1264 933 densior
1291 873 1371 932 sit
1401 894 1587 952 quam
1632 895 1808 952 aqua,
1841 874 1939 935 hic
1981 878 2182 956 spatio
2212 880 2450 942 dierum
2494 885 2596 944 tri-

172 973 361 1055 ginta,
409 970 633 1050 quibus
684 967 1143 1050 longitudinem·
1188 987 1311 1047 459
1356 970 1951 1032 semidiametrorum
2002 996 2250 1036 suarum
2296 978 2600 1053 describit,

176 1069 488 1130 amitteret
539 1067 600 1126 in
649 1066 858 1127 medio
908 1066 1191 1147 ejusdem
1239 1067 1563 1127 densitatis
1611 1089 1749 1127 cum
1800 1079 1941 1131 aere
1993 1085 2202 1134 nostro
2256 1088 2458 1136 motus
2508 1080 2601 1138 sui

176 1180 417 1249 partem
447 1166 575 1227 fere
611 1166 932 1226 decimam.
1053 1166 1292 1225 Verum
1337 1188 1475 1227 cum
1519 1167 1867 1228 resistentia
1909 1172 2251 1233 mediorum
2295 1177 2604 1240 minuatur

176 1267 238 1327 in
269 1266 506 1326 ratione
549 1264 844 1344 ponderis
874 1285 946 1324 ae
975 1263 1315 1336 densitatiS,
1348 1265 1434 1325 sic
1478 1277 1546 1324 ut
1575 1287 1751 1345 aqua,
1785 1288 1925 1346 quae
1954 1270 2228 1346 partibus
2274 1272 2380 1348 13}
2408 1273 2604 1336 levior

176 1375 274 1426 est
324 1384 512 1443 quam
570 1374 897 1443 argentum
955 1362 1187 1433 vivum,
1243 1362 1446 1421 minus
1505 1363 1750 1422 resistat
1807 1364 1868 1423 in
1926 1365 2146 1425 eadem
2203 1369 2482 1445 ratione;
2546 1374 2606 1433 &

175 1470 299 1535 aer,
332 1460 437 1540 qui
467 1460 746 1540 partibus
793 1462 916 1520 860
959 1458 1156 1520 levior
1184 1471 1280 1519 est
1309 1481 1497 1539 quam
1541 1480 1717 1538 aqua,
1751 1460 1951 1520 minus
1996 1464 2240 1524 resistat
2274 1466 2335 1525 in
2386 1469 2604 1530 eadem

175 1558 456 1619 ratione:
509 1557 561 1617 si
608 1557 980 1618 ascendatur
1023 1557 1084 1616 in
1136 1555 1327 1618 coelos
1371 1557 1476 1617 ubi
1523 1557 1767 1636 pondus
1812 1558 2015 1630 medii,
2063 1560 2123 1619 in
2176 1583 2299 1640 quo
2343 1563 2607 1643 planetae

178 1648 523 1730 moventur,
555 1654 919 1715 diminuitur
963 1655 1023 1715 in
1070 1656 1458 1730 immensum,
1493 1655 1840 1715 resistentia
1882 1677 2077 1735 prope
2121 1661 2398 1723 cessabit.
2491 1664 2608 1724 Os-

175 1753 486 1815 tendimus
518 1754 731 1833 utique
762 1754 822 1813 in
854 1752 1089 1814 scholio
1134 1754 1214 1814 ad
1246 1776 1418 1833 prop.
1456 1773 1592 1813 xx11
1622 1753 1720 1815 lib.
1766 1774 1785 1812 1
1808 1775 1828 1813 1
1869 1755 2036 1833 quod
2081 1756 2132 1815 si
2177 1760 2609 1823 ascenderetur

176 1852 257 1913 ad
308 1850 699 1912 altitudinem
747 1850 1096 1912 milliarium
1149 1852 1556 1912 ducentorum
1608 1872 1795 1930 supra
1845 1863 2086 1925 terram,
2134 1865 2240 1914 ae'r
2290 1857 2371 1917 ibi
2420 1861 2608 1920 rarior

175 1949 335 2011 foret
357 1971 544 2030 quam
567 1949 647 2009 ad
679 1949 1067 2029 superficiem
1092 1961 1271 2009 terrae
1304 1950 1364 2008 in
1397 1949 1632 2009 ratione
1659 1969 1737 2025 30
1760 1949 1839 2008 ad
1863 1970 2422 2021 0,oooooooooooo
2428 1961 2605 2033 3998,

176 2069 288 2108 seu
339 2064 923 2125 75oooooooooooo
967 2046 1047 2106 ad
1102 2067 1123 2105 1
1185 2046 1437 2107 circiter.
1530 2046 1618 2105 Et
1668 2045 1808 2105 hinc
1858 2046 2036 2107 stella
2076 2049 2242 2128 jovis
2294 2052 2355 2111 in
2401 2055 2607 2116 medio

176 2145 459 2227 ejusdem
526 2143 850 2205 densitatis
917 2165 1057 2205 cum
1123 2155 1266 2205 aere
1333 2142 1435 2205 illo
1499 2144 1813 2223 superiore
1873 2143 2267 2220 revolvendo,
2327 2161 2606 2230 tempore

173 2262 478 2303 annorum
518 2261 817 2313 1000000,
843 2263 923 2303 ex
953 2242 1302 2303 resistentia
1324 2243 1512 2303 medii
1544 2263 1666 2303 non
1690 2242 1998 2303 amitteret
2019 2256 2221 2305 motus
2251 2247 2344 2306 sui
2367 2262 2606 2326 partem

176 2340 480 2402 decimam
511 2340 912 2401 centesimam
943 2339 1346 2401 millesimam.
1443 2340 1516 2399 In
1561 2339 1774 2419 spatiis
1813 2341 2026 2419 utique
2070 2353 2248 2403 terrae
2291 2346 2602 2422 proximiS‚

177 2437 327 2499 nihil
380 2440 692 2500 invenitur
741 2439 911 2519 quod
971 2439 1384 2499 resistentiam
1445 2449 1611 2497 creet
1660 2449 1886 2516 praeter
1924 2448 2139 2499 ,aerem
2187 2440 2608 2504 exhalationes

177 2536 239 2598 &
288 2558 568 2616 vapores
666 2537 790 2597 His
841 2559 921 2598 ex
971 2537 1134 2597 vitro
1185 2558 1341 2596 cavo
1393 2534 1725 2615 cylindrico
1775 2533 2241 2615 diligentissime
2291 2539 2605 2601 exhaustis

176 2637 391 2718 gravia
422 2636 581 2696 intra
607 2637 838 2698 vitrum
867 2635 1176 2696 liberrime
1209 2636 1268 2695 &
1299 2635 1431 2695 sine
1462 2634 1628 2695 omni
1666 2634 2010 2693 resistentia
2039 2633 2308 2694 sensibili
2340 2636 2567 2696 cadunt
2591 2662 2604 2710 ;

178 2733 379 2813 ipsum
424 2754 640 2793 aurum
687 2733 747 2794 &
791 2733 1003 2814 pluma
1032 2734 1394 2794 tenuissima
1437 2730 1616 2792 simul
1662 2731 1931 2791 demissa
1981 2730 2202 2810 aequali
2254 2754 2391 2792 curn
2436 2733 2603 2795 velo-

179 2831 362 2892 citate
392 2831 635 2903 cadunt,
670 2831 730 2892 &
761 2854 906 2892 casu
937 2854 1051 2893 suo
1081 2829 1491 2892 describendo
1521 2828 1906 2889 altitudinem
1946 2828 2176 2906 pedum
2207 2842 2470 2908 quatuor
2497 2852 2609 2891 sex

176 2927 280 2990 vel
326 2942 467 2991 octo
511 2928 691 2989 simul
746 2930 1024 2991 incidunt
1075 2930 1136 2990 in
1188 2928 1464 3000 fundum,
1493 2941 1580 2988 ·ut
1630 2926 2011 3006 experientia
2062 2940 2442 3005 compertum
2493 2941 2603 2989 est.

131 3064 135 3066 -
181 3026 270 3086 Et
298 3039 632 3106 propterea
659 3028 711 3087 si
757 3028 817 3087 in
866 3026 1058 3089 coelos
1109 3027 1480 3088 ascendatur
1529 3035 1671 3086 ae‘re
1724 3024 1784 3084 ἃ
1827 3021 2316 3083 exhalationibus
2360 3045 2603 3096 vacuOS,

177 3121 443 3204 planetae
504 3125 564 3185 &
622 3138 880 3186 cometae
939 3126 1073 3187 sine
1130 3125 1299 3187 omni
1359 3123 1706 3184 resistentia
1761 3118 2035 3182 sensibili
2093 3142 2205 3201 per
2253 3123 2452 3202 spatia
2509 3121 2608 3182 illa

179 3220 525 3284 diutissime
553 3223 984 3285 movebuntur.
