2846 4224
140 161 259 206 100
731 196 739 202 Ξ
957 131 1074 182 DE
1107 126 1340 180 MOTU
1377 122 1683 179 CORPOR
1694 120 1811 174 UM

942 335 1373 402 LEMMA
1453 326 1841 396 XXVII.

147 509 213 571 T
205 504 526 589 rapezium
576 499 765 583 specie
803 497 1026 560 datum
1069 492 1413 567 describere,
1467 487 1650 570 cnjus
1699 480 1935 565 anguli
1974 478 2068 542 ad
2119 484 2319 541 rectas
2373 484 2654 561 quatuor
2754 444 2773 583 l

207 605 519 692 positione
544 602 743 676 datm,
775 619 916 681 quae
942 615 1132 677 neque
1171 613 1377 656 omnes
1404 586 1746 672 parallelae
1784 589 1954 658 sunt,
1987 601 2179 663 neque
2217 579 2310 642 ad
2336 600 2655 642 commune
2758 581 2775 685 ’Ξ

148 744 150 746 -
212 712 529 792 punctum
558 705 955 782 convergunt,
986 692 1232 777 singuli
1254 690 1348 753 ad
1367 688 1654 771 singulas
1681 684 2021 747 consistent.

261 853 515 916 Dentur
557 843 872 929 positione
917 851 1106 903 rectae
1137 847 1410 919 quatuor
1437 831 1507 893 A
1532 831 1599 892 B
1624 830 1690 903 C,
1722 829 1792 890 A
1816 829 1905 902 D,
1951 827 2122 901 BD,
2162 826 2222 890 C
2230 825 2303 888 E
2316 851 2343 900 ,·
2386 847 2656 909 quarum
2759 831 2761 834 ’

142 954 348 1038 prima
376 961 550 1012 secet
592 944 939 1008 secundam
986 941 1049 1002 in
1095 938 1186 1011 A,
1234 935 1486 998 tertiam
1533 931 1596 993 in
1641 930 1722 1003 B,
1758 928 1822 992 &
1866 941 2159 1011 quartam
2206 927 2270 989 in
2307 927 2367 990 C
2384 954 2404 991 .·
2450 926 2514 990 &
2543 927 2654 991 de·
2760 935 2777 1029 -Ξ

143 1051 548 1119 scribendum
596 1047 679 1108 sit
722 1037 1261 1126 trapeziumfglz
1284 1037 1324 1110 i,
1359 1033 1533 1117 quod
1593 1032 1677 1093 sit
1727 1029 2009 1112 trapezio
2059 1029 2132 1092 F
2145 1028 2207 1091 G
2228 1029 2318 1091 H
2325 1029 2377 1091 I
2413 1027 2658 1104 simile;
2772 1045 2778 1068 ³

147 1156 210 1219 81
248 1154 426 1237 cujus
466 1145 738 1232 angulus
772 1144 840 1226 f,
895 1139 1133 1226 angulo
1174 1139 1327 1201 dato
1371 1137 1444 1198 F
1473 1132 1753 1216 aequaliS‚
1808 1142 2033 1214 tangat
2080 1141 2320 1191 rectam
2371 1128 2443 1190 A
2470 1129 2539 1191 B
2566 1129 2626 1192 C
2634 1155 2662 1204 ,·

145 1253 487 1335 caeterique
531 1246 746 1332 anguli
777 1267 843 1328 g,
875 1244 934 1318 h,
960 1244 1000 1317 i,
1033 1241 1280 1305 caeteris
1329 1235 1585 1321 angulis
1631 1235 1799 1297 datis
1850 1232 1926 1306 G,
1959 1230 2138 1332 HJ
2176 1226 2472 1312 aequaleS,
2519 1242 2658 1292 tan-

145 1368 302 1442 gant
353 1364 616 1415 caeteras
664 1346 864 1409 lineas
916 1345 986 1406 A
1015 1344 1102 1417 D,
1135 1341 1311 1414 BD,
1352 1340 1410 1402 C
1424 1338 1495 1399 E
1540 1335 1912 1418 respective.
2023 1331 2345 1416 Jungatur
2387 1332 2460 1394 F
2470 1332 2561 1394 H
2599 1330 2662 1395 8t.
2772 1334 2783 1349 '

147 1475 340 1538 super
395 1452 468 1514 F
472 1449 562 1523 G,
621 1449 694 1510 F
705 1447 800 1521 H,
860 1445 933 1507 F
943 1444 994 1505 I
1045 1441 1486 1505 describantur
1553 1436 1824 1500 totidem
1893 1431 2270 1497 circulorum
2329 1445 2664 1518 segmenta

161 3222 235 3284 F
243 3221 301 3283 S
321 3221 396 3295 G,
458 3222 530 3282 F
559 3221 624 3283 T
645 3221 741 3295 H,
801 3221 874 3281 F
912 3219 977 3281 V
996 3219 1087 3292 I,·
1160 3238 1432 3300 quorum
1478 3217 1756 3299 primum
1814 3216 1887 3277 F
1907 3214 1966 3277 S
1997 3213 2059 3276 G
2116 3210 2326 3294 capiat
2370 3204 2675 3292 angulum
2739 3208 2742 3229 ³

162 3320 475 3404 aequalem
506 3318 742 3404 angulo
771 3319 924 3380 BA
948 3319 1037 3393 D,
1071 3317 1423 3381 secundum
1467 3319 1540 3379 F
1559 3317 1722 3380 ΤΗ
1757 3315 1967 3397 capiat
2009 3309 2316 3397 angulum
2361 3304 2674 3391 aequalem

161 3422 398 3507 angulo
455 3423 514 3485 C
529 3423 596 3484 B
617 3422 704 3494 D,
755 3442 829 3482 ac
880 3419 1137 3481 tertium
1181 3419 1254 3480 F
1283 3418 1347 3479 V
1359 3418 1411 3479 J
1455 3417 1666 3499 capiat
1712 3414 2017 3500 angulum
2070 3411 2386 3497 aequalem
2438 3404 2675 3493 angulo

159 3517 231 3586 A
266 3524 325 3586 C
335 3524 418 3587 E.
543 3520 838 3584 Deseribi
883 3532 1099 3581 autem
1143 3518 1385 3581 debent
1443 3531 1778 3602 segmenta
1822 3517 1906 3579 ad
1951 3538 2061 3579 eas
2106 3527 2322 3598 partes
2365 3511 2679 3585 linearum*

156 3624 230 3684 F
247 3622 324 3697 G,
369 3624 442 3685 F
453 3622 549 3697 Η,
593 3622 666 3684 F
677 3622 737 3695 J,
784 3633 855 3682 ut
897 3618 1222 3682 literarum
1267 3620 1339 3680 F
1352 3620 1411 3681 S
1434 3619 1588 3682 GF
1622 3618 1794 3681 idem
1854 3617 1938 3680 sit
1989 3616 2149 3680 ordo
2194 3611 2512 3678 circularis
2564 3606 2674 3694 qui
2707 3643 2720 3686 j

156 3721 481 3786 literarum
539 3723 607 3785 B
633 3722 706 3785 A
740 3722 815 3783 D
841 3721 924 3794 B,
985 3732 1188 3803 utque
1245 3717 1446 3782 literae
1505 3719 1577 3781 F
1609 3719 1676 3781 T
1693 3718 1784 3780 H
1801 3719 1874 3780 F
1924 3717 2156 3781 eodem
2230 3714 2456 3779 ordine
2528 3730 2679 3783 cum
2716 3775 2720 3780 ,

155 3823 353 3888 literis
418 3825 653 3888 CBD
679 3824 747 3899 C,
781 3823 844 3886 81
893 3821 1095 3885 literae
1152 3822 1225 3884 F
1253 3821 1319 3883 V
1330 3822 1381 3883 J
1394 3821 1468 3883 F
1500 3820 1732 3883 eodem
1778 3839 1924 3882 cum
1967 3815 2166 3880 literis
2209 3816 2281 3879 A
2317 3815 2376 3879 C
2389 3813 2462 3877 E
2479 3812 2552 3877 A
2607 3810 2717 3874 inf

152 3925 375 3988 orbem
421 3925 702 3988 redeant.
827 3920 1289 4005 Compleantur
1331 3932 1667 4013 segmenta
1713 3920 1776 3981 in
1823 3917 2087 3981 circulos
2132 3917 2434 4000 integrOS,
2465 3912 2684 3996 sitque
