2820 4224
991 119 1368 170 EDJTORJS
1394 119 1669 170 PRAEFA
1676 110 1838 171 1701
2198 139 2200 142 ·
2519 128 2627 187 xix

52 279 98 359 J
127 327 137 330 <
167 288 383 361 fdibus
427 282 655 346 nostris
698 293 951 354 remota,
982 292 1354 362 perventum
1382 270 1581 342 fuerit.
1703 282 2016 343 Convenit
2040 284 2172 364 jam
2203 283 2362 345 inter
2403 309 2619 349 omnes

58 374 71 389 Τ
194 382 617 468 phijogophos'
656 401 916 460 corpora
972 379 1265 440 universa
1314 379 1860 439 circumterrestria
1904 381 2217 460 gravitare
2270 382 2331 442 in
2383 396 2625 447 terram.

168 479 392 543 *Nulla
453 479 586 540 dari
644 498 904 557 corpora
959 497 1109 536 vere
1165 474 1329 535 levia
1376 475 1749 556 jamdudum
1809 476 2198 537 confirmavit
2254 482 2635 558 experientia

196 576 533 658 multiplex.
653 574 817 652 Quae
862 573 1086 634 dicitur
1130 570 1352 632 levitas
1397 570 1672 644 relativa,
1720 594 1844 633 non
1890 586 1987 633 est
2035 596 2186 634 vera
2213 572 2471 657 §levitas
2521 580 2633 639 sed

181 698 504 759 apparens
550 673 976 745 solummod03
1045 670 1107 732 ἃ
1163 671 1358 732 oritur
1413 693 1452 731 a
1508 670 2265 755 praepollentetgravitate
2309 697 2636 756 corporum

197 776 645 856 contiguorum.

316 874 525 946 Porro,
553 883 623 931 ut
668 890 930 949 corpora
974 868 1266 927 universa
1299 867 1616 948 gravitent
1663 868 1723 927 in
1769 880 2012 940 terram,
2046 869 2131 929 ita
2174 883 2337 931 terra
2366 873 2637 933 vicissim

200 972 261 1032 in
292 990 552 1050 corpora
582 966 903 1048 aequaliter
928 966 1237 1048 gravitat;
1276 965 1603 1046 gravitatis
1634 966 1798 1025 enim
1830 967 2136 1027 actionem
2181 990 2319 1029 esse
2363 983 2640 1031 mutuam

200 1071 262 1132 &
299 1070 588 1149 utrInque
619 1064 925 1147 aequalem
969 1066 1056 1125 sic
1086 1065 1450 1126 ostenditur.
1547 1063 1987 1145 Distinguatur
2015 1079 2195 1127 terrae
2226 1068 2414 1128 totius
2446 1068 2640 1130 moles

200 1170 263 1230 in
310 1168 488 1228 binas
535 1185 937 1246 quascunque
984 1175 1212 1243 parteS,
1259 1161 1361 1223 vel
1414 1161 1686 1242 aequales
1739 1162 1842 1223 vel
1896 1177 2211 1244 utcunque
2264 1167 2639 1246 inaequales:

193 1267 325 1348 jam
372 1266 424 1325 si
471 1263 753 1344 pondera
797 1262 1068 1342 partium
1115 1282 1239 1321 non
1283 1274 1493 1326 essent
1546 1261 1607 1319 in
1659 1282 1728 1320 se
1781 1274 1998 1322 mutuo
2045 1262 2340 1342 aequalia;
2395 1266 2644 1327 cederet

200 1364 449 1446 pondus
481 1363 684 1422 minus
716 1361 949 1443 majori,
983 1360 1044 1421 &
1073 1372 1283 1439 partes
1314 1360 1660 1440 conjunctae
1706 1374 2040 1442 pergerent
2083 1376 2250 1423 recta
2281 1365 2516 1424 moveri
2562 1366 2643 1424 ad

203 1464 526 1534 infinitum,
552 1483 771 1522 versus
802 1459 1050 1541 plagam
1076 1459 1137 1519 in
1168 1480 1357 1539 quam
1388 1459 1590 1519 tendit
1618 1459 1864 1538 pondus
1888 1461 2118 1541 majus:
2150 1462 2403 1522 omnino
2434 1476 2648 1523 contra

203 1563 667 1645 experientiam.
793 1562 1015 1640 Itaque
1059 1559 1392 1620 dicendum
1438 1560 1556 1619 erit
1602 1559 1883 1638 pondera
1913 1560 2180 1639 partium
2212 1561 2272 1620 in
2305 1561 2647 1641 aequilibrio

203 1686 342 1726 esse
373 1663 706 1724 constituta
733 1684 745 1722 :
791 1660 908 1721 hoc
939 1672 1049 1730 est,
1081 1659 1406 1740 gravitatis
1437 1659 1745 1719 actionem
1776 1680 1914 1719 esse
1960 1673 2237 1720 mutuam
2271 1661 2330 1721 8ε
2360 1662 2647 1742 utrinque

203 1760 524 1844 aequalem.

295 1859 581 1920 Pondera
631 1878 976 1937 corporum,
1031 1855 1354 1936 aequaliter
1399 1878 1437 1916 a
1484 1867 1696 1917 centro
1744 1869 1925 1916 terrae
1972 1857 2349 1930 distantium,
2396 1871 2541 1919 sunt
2583 1871 2652 1919 ut

203 1959 586 2040 quantitates
618 1955 893 2016 materiae
926 1955 986 2014 in
1019 1955 1396 2033 corporibus.
1524 1954 1668 2015 Hoc
1713 1955 1927 2034 utique
1972 1954 2279 2036 colligitur
2321 1978 2399 2017 ex
2430 1955 2652 2036 aequali

204 2055 653 2118 acceleratione
725 2074 1054 2132 corporum
1127 2053 1421 2124 omnium,
1497 2074 1532 2112 e
1606 2053 1815 2133 quiete
1887 2075 2000 2133 per
2070 2055 2417 2133 ponderum
2490 2055 2654 2115 vires

205 2154 562 2215 cadentium
595 2176 607 2213 :
655 2173 799 2212 nam
829 2151 995 2211 vires
1027 2151 1252 2230 quibus
1286 2150 1614 2231 inaequalia
1644 2173 1902 2231 corpora
1949 2151 2270 2231 aequaliter
2312 2150 2653 2212 acceleran-

207 2266 324 2326 tur,
358 2252 593 2312 debent
622 2271 761 2311 esse
794 2248 1285 2329 proportionales
1310 2250 1757 2329 quantitatibus
1782 2251 2056 2310 materiae
2078 2250 2422 2310 movendae.
2513 2251 2655 2329 Jam

47 2343 54 2364 ”
130 2369 135 2374 ·
206 2372 360 2411 vero
412 2370 673 2428 corpora
724 2348 1015 2408 universa
1066 2347 1352 2408 cadentia
1410 2347 1731 2428 aequaliter
1787 2347 2123 2428 accelerari·
2179 2370 2258 2408 ex
2323 2370 2399 2409 eo
2465 2362 2652 2428 patet,

183 2448 380 2528 ‚quod
414 2447 473 2506 in
506 2468 706 2507 vacuo
736 2446 1041 2524 Boylz'ano
1072 2446 1454 2525 temporibus
1486 2445 1827 2526 aequalibus
1859 2446 2121 2527 aequalia
2145 2448 2345 2526 spatia
2375 2448 2657 2508 cadendo
2720 2476 2723 2480 ⁴

210 2545 585 2615 describunt,
661 2542 905 2603 sublata
976 2542 1209 2603 scilicet
1294 2545 1453 2604 aeris
1541 2546 1930 2606 resistentia:
2018 2546 2360 2605 accuratius
2446 2558 2654 2605 autem

210 2643 650 2723 comprobatur
678 2663 791 2722 per
822 2642 1249 2722 experimenta
1279 2641 1705 2721 pendulorum.

323 2742 508 2802 Vires
555 2742 899 2802 attractivae
947 2762 1292 2820 corporum,
1329 2741 1388 2800 in
1437 2740 1780 2820 aequalibus
1820 2741 2144 2813 distantiiS,
2176 2756 2321 2802 sunt
2353 2754 2420 2802 ut
2463 2763 2653 2821 quan-

211 2842 420 2902 titates
451 2840 727 2901 materiae
764 2841 823 2900 in
855 2840 1232 2920 corporibus,
1358 2839 1527 2899 Nam
1558 2862 1698 2899 cum
1730 2862 1989 2919 corpora
2026 2840 2086 2900 in
2119 2854 2344 2901 terram
2391 2840 2451 2901 ἃ
2496 2853 2657 2900 terra

212 2938 485 2999 vicissim
518 2938 578 2997 in
620 2959 880 3017 corpora
924 2939 1256 3000 momentis
1302 2937 1645 3018 aequalibus
1688 2939 2033 3020 gravitent;
2081 2952 2259 2999 terrae
2305 2939 2550 3018 pondus
2597 2939 2657 2997 in

212 3031 705 3116 unumquodque
749 3059 988 3116 corpuS,
1021 3060 1132 3098 seu
1164 3039 1259 3098 vis
1305 3060 1428 3118 qua
1473 3061 1695 3118 corpus
1740 3052 1967 3099 terram
2012 3040 2279 3111 attrahit,
2312 3040 2659 3120 aequabitur

60 3214 70 3230 ¹
134 3178 139 3183 -
213 3133 474 3214 ponderi
526 3135 800 3214 corporis
848 3136 1130 3216 ejusdem
1180 3137 1240 3196 in
1289 3148 1532 3198 terram.
1652 3137 1796 3198 Hoc
1848 3150 2056 3197 autem
2115 3137 2361 3216 pondus
2411 3151 2544 3198 erat
2590 3150 2658 3197 ut

216 3231 529 3310 quantitas
565 3232 840 3293 materiae
888 3233 968 3292 in·
994 3255 1293 3313 corpore:
1340 3235 1550 3314 itaque
1595 3235 1690 3294 vis
1735 3257 1859 3315 qua
1903 3256 2124 3315 corpus
2169 3236 2656 3316 unumquodque

217 3341 443 3389 terram
486 3329 754 3401 attrahit,
801 3331 936 3392 sive
980 3333 1253 3411 corporis
1298 3333 1394 3393 vis
1439 3332 1738 3405 absoluta,
1792 3334 1909 3394 erit
1955 3347 2023 3394 ut
2073 3334 2293 3395 eadem
2346 3335 2656 3414 quantitas

59 3441 71 3455 ⁴
130 3447 133 3450 ⁴
218 3427 508 3488 materiae.

333 3523 549 3584 Oritur
597 3546 749 3606 ergo
798 3525 859 3587 &
905 3528 1298 3607 componitur
1354 3529 1450 3589 vis
1509 3530 1835 3590 attractiva
1892 3552 2218 3611 corporum
2278 3532 2656 3613 integrorum

218 3642 299 3682 ex
348 3623 583 3683 viribus
634 3625 976 3687 attractivis
1027 3628 1337 3706 partium:
1400 3628 1709 3707 siquidem
1768 3642 1948 3690 aucta
2005 3629 2105 3690 vel
2150 3630 2453 3690 diminuta
2497 3628 2658 3690 mole

220 3721 498 3781 -materiae
577 3734 897 3783 ostensum
971 3737 1068 3784 est
1134 3724 1676 3804 proportionaliter
1749 3727 1961 3807 augeri
2037 3726 2137 3787 vel
2210 3727 2467 3786 diminui
2527 3728 2658 3807 ejus

74 3843 77 3850 2
129 3862 136 3870 .
223 3815 534 3878 virtutem.
654 3818 844 3881 Actio
903 3821 1111 3901 itaque
1170 3821 1403 3882 telluris
1454 3845 1534 3883 ex
1592 3825 1935 3905 conjunctis
1993 3824 2259 3903 partium
2317 3825 2659 3885 actionibus

180 3953 207 3972 ἰ
