2852 4250
1086 94 1324 143 LIBER
1359 95 1500 144 SEc
1509 95 1668 144 ΠΜ)
1678 97 1776 145 css,
2525 122 2557 178 3
2568 123 2597 161 2
2613 121 2643 179 7

695 255 830 315 TM

629 350 860 428 ,Τψι

214 448 502 510 uniformi
565 448 634 507 M
690 447 914 508 eodem
973 459 1253 527 tempore
1304 455 1333 506 t
1387 447 1781 526 descriptum,
1830 460 1899 508 ut
1956 447 2360 529 logarithmus
2412 456 2647 514 numeri

219 547 394 613 T÷t

277 641 336 700 T
2403 724 2409 727 c

219 732 294 885 ''l‘'
348 786 677 853 propterea
735 772 904 852 quod
962 793 1107 833 area
1164 771 1562 852 hyperbolica
1612 774 1676 832 B
1700 774 1757 834 C
1765 774 1835 832 F
1841 775 1910 833 E
1954 786 2049 834 est
2099 775 2179 834 ad
2231 776 2650 857 rectangulum

215 309 403 358 nente
446 309 623 376 parte
864 321 889 366 ‚·
940 296 1001 356 &
1046 297 1355 358 describet
1398 296 1666 376 spatium
1706 273 1874 376 quod
1918 299 1999 359 sit
2036 300 2118 360 ad
2163 301 2430 380 spatium
2474 318 2644 366 motu

432 585 870 666 multiplicatus
916 607 1030 665 per
1075 606 1400 646 numerum
1455 587 2013 663 2‚3o2585092994
2060 600 2155 648 est
2204 589 2284 648 ad
2330 609 2649 650 numerum

59 887 62 889 Δ
120 907 126 911 ’
218 924 345 984 BC
347 924 475 985 GE
501 923 562 984 in
593 923 708 988 hac
739 924 1152 1004 proportione.

1277 1118 1603 1178 Sclwlz'um.

338 1232 412 1292 In
459 1230 575 1292 hac
621 1230 1043 1311 propositione
1073 1229 1334 1308 exposui
1380 1229 1790 1290 resistentiam
1823 1230 1882 1291 &
1912 1232 2390 1294 retardationem
2427 1235 2659 1315 projec-

222 1327 419 1389 tilium
477 1328 918 1408 sphaericorum
978 1328 1039 1387 in
1099 1327 1320 1388 mediis
1373 1348 1497 1388 non
1546 1329 1868 1399 continuiS‚
1925 1329 1985 1389 Sc
2028 1331 2272 1390 ostendi
2317 1332 2485 1410 quod
2529 1333 2662 1392 haec

223 1427 571 1487 resistentia
601 1427 681 1486 sit
709 1426 789 1486 ad
820 1427 947 1486 vim
979 1447 1104 1506 qua
1133 1437 1300 1485 totus
1340 1423 1510 1506 globi
1560 1438 1764 1485 motus
1795 1425 1895 1486 vel
1933 1426 2062 1487 tolli
2108 1429 2305 1507 possit
2334 1428 2433 1489 vel
2477 1451 2662 1510 gene-

223 1525 341 1584 rari
386 1546 512 1604 quo
541 1537 821 1604 tempore
864 1522 1088 1605 globus
1128 1524 1285 1583 duas
1329 1524 1541 1584 tertias
1586 1523 1869 1583 diametri
1915 1546 2043 1584 suae
2089 1538 2295 1603 partes
2339 1525 2665 1586 velocitate

224 1613 608 1683 uniformiter
665 1622 1023 1683 continuata
1080 1621 1404 1692 describat,
1460 1634 1529 1681 ut
1587 1621 1863 1681 densitas
1922 1623 2109 1682 medii
2162 1624 2241 1683 ad
2294 1624 2664 1684 densitatem

222 1719 408 1802 globi,
442 1721 493 1780 si
539 1720 727 1781 modo
769 1719 994 1801 globus
1041 1719 1101 1780 &
1144 1718 1462 1799 particulae
1511 1720 1698 1780 medii
1750 1720 1874 1779 sint
1917 1741 2158 1781 summe
2205 1720 2456 1781 elastica
2501 1722 2560 1781 ἃ
2603 1721 2665 1781 vi

226 1819 498 1879 maxima
547 1819 903 1880 reflectendi
949 1817 1253 1899 polleant:
1307 1819 1603 1898 quodque
1647 1818 1780 1878 haec
1823 1819 1919 1879 vis
1964 1819 2044 1878 sit
2087 1818 2278 1898 duplo
2323 1820 2522 1880 minor
2564 1820 2667 1879 ubi

222 1904 448 1998 globus
501 1917 562 1978 &
612 1916 928 1997 particulae
980 1917 1168 1977 medii
1220 1930 1366 1977 sunt
1411 1917 1647 1978 infinite
1691 1917 1847 1977 dura
1892 1917 1952 1977 &
1995 1918 2058 1977 vi
2104 1918 2456 1978 reflectendi
2501 1940 2668 1997 pror-

225 2036 332 2075 sus
378 2014 688 2078 destituta.
784 2016 857 2075 In
906 2015 1127 2075 mediis
1175 2027 1384 2075 autem
1432 2016 1738 2075 continuis
1792 2013 1996 2095 qualia
2043 2028 2188 2075 sunt
2234 2038 2409 2095 aqua,
2463 2015 2668 2077 oleum

226 2112 509 2186 calidum,
544 2114 604 2174 &
634 2126 960 2195 argentum
991 2113 1223 2184 vivum,
1258 2113 1319 2173 in
1365 2114 1589 2192 quibus
1632 2112 1856 2195 globus
1901 2135 2025 2175 non
2058 2115 2269 2174 incidit
2316 2116 2671 2176 immediate

228 2212 289 2272 in
320 2233 539 2273 omnes
570 2212 741 2272 fluidi
786 2211 1116 2292 particulas
1162 2211 1577 2271 resistentiam
1606 2224 1994 2292 generante5‚
2027 2212 2138 2272 sed
2175 2213 2400 2291 premit
2430 2226 2669 2274 tantum

227 2310 542 2390 proximas
587 2308 916 2389 particulas
965 2308 1025 2369 &
1072 2309 1170 2370 hae
1215 2322 1507 2389 premunt
1545 2308 1695 2369 alias
1738 2309 1797 2369 &
1844 2309 1942 2369 hae
1986 2308 2151 2381 aliaS‚
2200 2311 2548 2370 resistentia
2577 2324 2673 2371 est

228 2407 431 2468 adhuc
461 2405 652 2487 duplo
682 2407 896 2468 minor.
988 2406 1230 2468 Globus
1275 2408 1489 2487 utique
1538 2407 1598 2467 in
1644 2407 1996 2488 hujusmodi
2045 2409 2264 2469 mediis
2296 2409 2672 2470 fluidissimis

231 2507 642 2568 resistentiam
686 2507 918 2586 patitur
961 2528 1102 2586 quae
1147 2519 1244 2567 est
1286 2507 1366 2566 ad
1414 2507 1542 2567 vim
1588 2527 1713 2586 qua
1759 2518 1924 2567 totus
1970 2506 2101 2586 ejus
2147 2519 2350 2566 motus
2396 2505 2494 2567 vel
2543 2507 2672 2568 tolli

231 2605 429 2684 possit
478 2602 579 2664 vel
629 2604 913 2686 generari
965 2625 1091 2684 quo
1142 2618 1438 2684 tempore,
1485 2617 1657 2665 motu
1712 2602 1813 2665 illo
1864 2604 2249 2665 uniformiter
2298 2606 2671 2678 continuam,

232 2715 440 2782 partes
470 2715 611 2763 octo
642 2702 853 2763 tertias
884 2702 1169 2763 diametri
1200 2724 1331 2763 suae
1361 2703 1685 2774 describat,
1718 2714 1787 2762 ut
1830 2702 2104 2762 densitas
2145 2702 2332 2762 medii
2363 2703 2442 2763 ad
2474 2702 2675 2764 densi-

233 2813 422 2861 tatem
444 2799 628 2881 globi.
723 2800 798 2861 Id
829 2800 998 2880 quod
1030 2800 1091 2860 in
1123 2801 1525 2880 sequentibus
1557 2799 1916 2861 conabimur
1944 2799 2287 2860 ostendere.

426 3052 1054 3114 PROPOSITIO
1133 3053 1507 3113 XXXVI.
1634 3053 2193 3113 PROBLEMA
2271 3053 2488 3115 VIII.

262 3218 330 3277 A
337 3238 473 3298 quae
524 3218 597 3278 de
651 3239 787 3278 vase
831 3219 1161 3297 cylindrico
1195 3227 1321 3297 per
1356 3218 1654 3297 foramen
1713 3219 1780 3278 z‘n
1812 3217 2027 3296 fundo
2058 3217 2311 3296 factum
2361 3218 2651 3296 ffuentz's

1183 3329 1442 3410 dqfinz‘re
1482 3337 1726 3389 motum.

351 3496 450 3556 Sit
494 3497 562 3557 A
593 3498 649 3558 C
660 3498 812 3557 DB
858 3519 971 3558 vas
1019 3495 1437 3576 cylindricum,
1483 3497 1552 3555 A
1576 3498 1641 3555 B
1684 3497 1817 3577 ejus
1864 3496 2162 3556 orificium
2209 3495 2503 3573 superiuS,
2543 3494 2599 3553 C
2608 3495 2679 3552 D
2716 3537 2719 3539 -

237 3592 499 3654 fundum
529 3594 831 3656 horizonti
876 3593 1252 3675 parallelum,
1283 3595 1438 3654 EF
1470 3594 1747 3655 foramen
1794 3591 2083 3654 circulare
2131 3594 2190 3652 in
2240 3592 2444 3651 medio
2487 3590 2676 3660 fundi,

245 3691 306 3751 G
334 3704 613 3752 centrum
649 3693 982 3763 foraminiS,
1017 3693 1078 3753 &
1126 3694 1290 3753 GH
1324 3693 1459 3753 axis
1490 3691 1747 3772 cylindri
1794 3691 2092 3752 horizonti
2138 3685 2672 3768 perpendicularis

246 3788 334 3848 Et
392 3788 558 3870 finge
606 3789 950 3870 cylindrum
1001 3788 1219 3871 glaciei
1267 3790 1583 3864 APQB
1633 3788 1911 3869 ejusdem
1965 3808 2103 3847 esse
2153 3785 2490 3846 latitudinis
2540 3805 2678 3844 cum
