2852 4250
2660 0 2779 122 Ἲῑ

191 121 320 181 414
775 125 788 135 ·
984 103 1102 154 DE
1135 104 1215 156 M
1216 105 1426 157 UNDI
1448 105 1810 158 SYSTEMA
1821 107 1917 159 TE

191 269 612 355 centrifugam
642 282 979 354 corporum
1010 271 1073 333 in
1106 284 1432 355 aequatore
1462 284 1650 335 terrae
1679 285 1752 336 ut
1785 278 2104 356 2177‚267
2135 276 2219 340 ad
2270 295 2322 359 7,
2331 283 2542 362 54064
2584 282 2703 348 seu
2791 330 2796 373 ¹.

196 372 318 448 289
350 371 434 432 ad
475 392 522 434 1.
2796 374 2798 378 γ

311 470 509 533 Unde
540 471 593 532 si
623 471 694 533 A
721 472 872 533 PB
891 471 950 548 Q
983 471 1253 554 figuram
1284 486 1471 536 terrae
1507 473 1805 558 designet
1835 474 1972 558 jam
2010 497 2146 547 ‚non
2176 477 2448 562 amplius
2493 482 2700 564 sphae-

185 569 380 632 ricam
411 572 527 633 sed
573 570 969 634 revolutione
1014 572 1311 655 ellipseos
1364 574 1599 636 circum
1644 596 1833 637 axem
1878 575 2190 640 minorem
2220 580 2365 657 PQ
2395 583 2698 665 genitam,
2783 663 2786 668 ¹

183 671 395 753 sitque
438 672 509 733 A
540 673 598 734 C
613 672 835 754 Qqca
865 673 1101 734 canalis
1132 695 1318 755 aquae
1363 672 1568 756 plena,
1602 696 1642 736 a
1686 673 1835 756 polo
1869 676 1987 759 Qq
2015 678 2100 740 ad
2145 693 2433 743 centrum
2486 683 2545 745 C
2553 705 2584 763 ς
2630 683 2695 747 &

185 772 335 834 inde
382 772 465 833 ad
515 785 906 853 aequatorem
951 774 1022 834 A
1047 796 1088 834 a
1134 796 1457 857 pergens:
1511 775 1774 838 debebit
1817 778 2072 858 pondus
2117 802 2303 862 aquae
2350 782 2413 844 in
2459 782 2701 847 canalis

182 895 362 935 crure
392 874 462 934 A
494 874 650 934 Cea
694 894 837 935 esse
867 873 950 934 ad
995 875 1251 955 pondus
1282 898 1469 958 aquae
1507 877 1570 938 in
1603 899 1783 940 crure
1828 875 2030 941 altero
2064 879 2122 956 Q
2149 880 2208 942 C
2217 903 2306 963 cq
2334 895 2406 944 ut
2453 877 2579 963 289
2610 884 2695 947 ad

186 976 327 1049 288,
361 995 440 1035 eo
489 973 661 1054 quod
694 973 792 1035 vis
841 974 1196 1058 centrifuga
1247 998 1329 1038 ex
1374 975 1657 1039 circulari
1707 991 1884 1040 motu
1933 992 2074 1042 orta
2117 994 2364 1063 partem
2418 1006 2612 1047 unam
2657 1008 2696 1049 e

178 1074 481 1156 ponderis
512 1074 798 1155 partibus
834 1078 957 1153 289
999 1077 1339 1140 sustinebit
1369 1101 1443 1141 ac
1474 1079 1783 1154 detrahet,
1819 1079 1881 1143 &
1925 1080 2179 1162 pondus
2214 1086 2336 1146 288
2385 1084 2447 1147 in
2494 1083 2696 1149 altero

178 1197 358 1237 crure
411 1175 751 1237 sustinebit
797 1174 1090 1258 reliquas
1191 1178 1389 1242 Porro
1446 1179 1552 1264 (ex
1598 1203 1830 1263 propo-

180 1275 427 1338 sitionis
488 1295 596 1337 XCI
657 1274 843 1339 corol.
912 1298 944 1338 2
997 1276 1098 1342 lib.
1166 1277 1222 1363 1)
1287 1282 1831 1363 computationem

178 1375 460 1438 ineundo
507 1376 764 1439 invenio
810 1378 1000 1459 quod,
1057 1380 1109 1441 si
1159 1392 1328 1442 terra
1375 1395 1697 1445 constaret
1749 1406 1831 1446 ex

177 1477 475 1539 uniformi
536 1478 803 1540 materia
862 1492 1171 1562 motuque
1235 1483 1408 1544 omni
1470 1484 1832 1565 privaretur

180 1577 243 1640 81
288 1590 459 1640 esset
507 1578 643 1661 ejus
691 1578 829 1641 axis
888 1581 1034 1658 PQ
1095 1582 1177 1643 ad
1232 1583 1613 1647 diametrum
1666 1589 1829 1650 AB
1928 1632 1940 1646 .

177 1691 250 1740 ut
320 1699 440 1741 100
484 1679 567 1739 ad
639 1700 775 1756 101,
833 1683 1118 1764 gravitas
1168 1683 1230 1745 in
1285 1683 1425 1748 loco
1477 1687 1536 1763 Q
1591 1688 1653 1750 in
1701 1702 1824 1751 ter-

175 1799 311 1839 ram
356 1778 520 1840 foret
550 1779 633 1840 ad
677 1782 1060 1863 gravitatem
1093 1784 1156 1845 in
1204 1786 1434 1848 eodem
1479 1786 1620 1851 loco
1657 1790 1716 1867 Q
1761 1791 1824 1853 in

174 1879 492 1961 sphaeram
546 1894 764 1943 centro
823 1883 882 1944 C
935 1884 1114 1948 radio
1165 1886 1314 1948 PC
1357 1886 1461 1950 vel
1524 1890 1669 1966 QC
1714 1892 1823 1956 de·

173 1979 489 2060 scriptam,
542 1993 613 2042 ut
670 1987 786 2043 126
840 1983 922 2045 ad
983 2004 1115 2065 125.
1215 1986 1306 2049 Et
1358 1990 1588 2052 eodem
1637 2015 1823 2078 argu-

171 2093 390 2142 mento
447 2082 732 2164 gravitas
796 2083 857 2144 in
919 2083 1060 2148 loco
1119 2088 1190 2148 A
1257 2089 1319 2150 in
1380 2090 1827 2172 sphaeroidem,
1884 2102 2336 2168 convolutione
2389 2105 2689 2191 ellipseos

167 2182 238 2242 A
263 2182 492 2258 PBQ
543 2183 707 2244 circa
753 2206 941 2246 axem
987 2188 1058 2248 A
1083 2188 1150 2248 B
1194 2188 1597 2272 descriptam,
1632 2209 1731 2258 est
1775 2200 1857 2261 ad
1906 2205 2292 2285 gravitatem
2339 2208 2402 2270 in
2456 2210 2689 2272 eodem

112 2323 118 2329 -
166 2280 306 2344 loco
336 2284 406 2343 A
446 2283 508 2344 in
556 2284 874 2365 sphaeram
921 2301 1140 2351 centro
1177 2291 1236 2352 C
1275 2292 1455 2355 radio
1498 2295 1570 2356 A
1602 2297 1660 2358 C
1684 2298 2085 2383 descriptam,
2120 2318 2191 2367 ut
2246 2326 2360 2387 125
2410 2309 2494 2371 ad
2549 2317 2684 2375 126.

170 2383 295 2445 Est
335 2397 550 2446 autem
597 2386 882 2468 gravitas
938 2388 999 2449 in
1054 2388 1195 2453 loco
1225 2393 1296 2453 A
1335 2393 1398 2454 in
1445 2406 1677 2458 terram
1726 2402 1939 2464 media
1985 2406 2476 2487 proportionalis
2522 2409 2688 2473 inter

163 2484 512 2566 gravitates
539 2485 601 2546 in
627 2486 863 2548 dictam
888 2489 1318 2570 sphaeroidem
1345 2493 1407 2555 δε
1431 2495 1750 2576 sphaeram
1780 2525 1792 2564 :
1838 2518 2181 2586 propterea
2204 2509 2378 2590 quod
2410 2510 2682 2592 sphaera,
2805 2579 2808 2590 ,

164 2584 581 2648 diminuendo
613 2586 996 2651 diametrum
1027 2592 1093 2652 P
1114 2593 1171 2668 Q
1206 2593 1269 2654 in
1303 2596 1549 2660 ratione
1589 2620 1698 2662 101
1739 2603 1823 2664 ad
1864 2626 1998 2681 100,
2025 2609 2295 2671 vertitur
2318 2609 2380 2671 in
2415 2610 2685 2694 figuram
2799 2603 2809 2722 j

164 2697 385 2762 terrae;
435 2687 496 2748 &
528 2687 664 2749 haec
690 2689 894 2773 figura
924 2691 1342 2758 diminuendo
1374 2697 1437 2758 in
1470 2700 1698 2763 eadem
1730 2705 1976 2769 ratione
1999 2708 2381 2772 diametrum
2413 2714 2682 2788 tertiam,

171 2809 315 2868 quae
377 2789 702 2851 diametris
764 2792 1014 2855 duabus
1074 2795 1144 2855 A
1170 2796 1250 2869 B,
1312 2798 1475 2875 PQ,
1538 2805 2078 2884 perpendicularis
2132 2825 2249 2888 est,
2303 2814 2573 2876 vertitur
2619 2815 2683 2877 in

172 2889 408 2951 dictam
453 2891 916 2972 sphaeroidem3
967 2895 1028 2956 &
1071 2898 1357 2979 gravitas
1404 2900 1467 2961 in
1515 2903 1610 2975 A,
1659 2905 1723 2966 in
1779 2930 1929 2970 casu
1979 2923 2266 2993 utroque,
2316 2913 2691 2978 diminuitur

172 2991 236 3052 in
268 2991 493 3053 eadem
520 2994 763 3056 ratione
788 3017 980 3076 quam
1013 2999 1319 3078 proxime.
1419 3002 1543 3064 Est
1566 3004 1760 3087 igitur
1778 3010 2063 3092 gravitas
2087 3010 2153 3074 in
2177 3014 2247 3075 A
2278 3014 2341 3075 in
2366 3015 2685 3097 sphaeram

171 3105 388 3154 centro
441 3093 498 3154 C
539 3094 716 3155 radio
760 3097 829 3156 A
862 3097 920 3157 C
959 3098 1345 3181 descriptam
1406 3102 1490 3164 ad
1541 3108 1925 3187 gravitatem
1973 3111 2036 3173 in
2082 3113 2153 3174 A
2205 3114 2269 3175 in
2324 3127 2560 3179 terram
2613 3131 2686 3181 ut
2792 3128 2793 3131 ’
2846 3161 2852 3185 ⁴

181 3198 298 3253 126
331 3194 414 3254 ad
469 3215 537 3254 12
552 3194 637 3273 5ὲ,
674 3194 736 3256 &
778 3198 1062 3278 gravitas
1109 3200 1171 3261 in
1218 3199 1359 3264 loco
1386 3203 1445 3279 Q
1479 3204 1541 3265 in
1590 3207 1908 3288 sphaeram
1955 3225 2173 3276 centro
2225 3215 2285 3277 C
2320 3216 2499 3280 radio
2547 3218 2606 3295 Q
2633 3219 2693 3281 C

171 3293 557 3375 descriptam
604 3307 703 3356 est
733 3296 814 3356 ad
860 3299 1242 3379 gravitatem
1277 3302 1339 3363 in
1386 3302 1526 3367 loco
1556 3308 1628 3368 A
1666 3308 1729 3370 in
1762 3310 2081 3392 sphaeram
2127 3328 2347 3379 centro
2398 3318 2458 3379 C
2499 3318 2680 3382 radio

171 3395 241 3456 A
273 3395 331 3455 C
370 3395 756 3476 descriptam
790 3397 852 3457 in
900 3400 1145 3462 ratione
1191 3402 1647 3469 diametrorum
1698 3408 1839 3492 (per
1881 3434 2059 3495 prop.
2097 3435 2281 3478 LXXII
2327 3417 2428 3482 lib.
2487 3419 2566 3503 1);
2615 3420 2681 3483 id

171 3507 284 3567 est,
318 3507 389 3556 ut
428 3516 547 3557 100
577 3496 659 3556 ad
716 3518 851 3559 101.
949 3499 1437 3585 Conjungantur
1469 3507 1606 3589 jam
1638 3508 1740 3571 hae
1772 3523 1900 3573 tres
1932 3514 2225 3590 rationes,
2269 3523 2387 3579 126
2419 3519 2502 3580 ad
2543 3538 2679 3600 125,

180 3599 298 3655 126
330 3595 413 3656 ad
455 3616 525 3656 12
538 3595 624 3674 522³,
661 3596 723 3658 81
763 3618 882 3660 100
927 3599 1010 3659 ad
1066 3620 1174 3662 101
1217 3626 1229 3664 z
1279 3604 1340 3665 &
1387 3605 1497 3669 fiet
1524 3610 1808 3691 gravitas
1855 3612 1919 3673 in
1950 3611 2091 3677 loco
2125 3616 2184 3692 Q
2231 3616 2294 3678 in
2327 3629 2560 3680 terram
2592 3621 2675 3683 ad

167 3689 552 3778 gravitatem
597 3696 662 3757 in
708 3695 849 3759 loco
880 3698 950 3758 A
988 3699 1050 3760 in
1087 3713 1336 3779 terram,
1370 3719 1442 3768 ut
1491 3715 1607 3770 126
1633 3731 1675 3773 ><
1708 3718 1825 3775 126
1850 3733 1892 3775 ><
1925 3735 2044 3779 100
2087 3717 2171 3779 ad
2222 3736 2336 3798 125
2365 3739 2407 3782 ><
2439 3721 2658 3801 125ὲ><

179 3815 314 3869 101,
347 3818 461 3858 seu
493 3809 564 3858 ut
598 3815 712 3877 501
752 3797 835 3859 ad
871 3816 1011 3878 500.
