2852 4250
1122 104 1361 184 LIBER
1393 132 1737 193 PRIMUS·
1826 109 1832 116 ⁴
1894 131 1900 148 ¹
2003 142 2006 144 ·
2509 153 2635 212 -143

69 275 106 345 -··’
191 315 495 388 punctum
547 299 606 364 C
648 301 711 363 in
754 298 942 382 plano
983 298 1215 370 datum,
1261 249 1531 376 ideoque
1579 293 1782 366 efficit,
1828 304 1899 353 ut
1943 313 2168 373 corpus
2210 291 2361 354 illud
2408 295 2471 355 in
2521 296 2640 358 hoc

173 403 383 487 ··plano
434 400 694 483 perinde
739 410 1078 486 moveatur,
1123 418 1196 457 ac
1242 395 1296 456 si
1337 395 1436 456 vis
1481 394 1538 454 S
1562 393 1627 453 T
1660 389 1992 462 tolleretur,
2026 390 2088 450 &
2133 411 2356 469 corpus
2401 392 2466 452 vi
2509 393 2643 454 sola

208 504 274 565 T
295 502 360 563 V
393 498 819 562 revolveretur
856 497 1017 558 circa
1044 500 1324 555 centrum
1361 493 1418 553 C
1454 491 1518 551 in
1546 489 1750 569 spatio
1778 486 1989 549 libero.
2095 488 2283 553 ,Data
2325 502 2535 578 autem
2577 492 2642 552 vi

197 600 539 680 centripeta
599 598 664 658 T
691 597 756 658 V
796 616 921 676 qua
970 600 1194 672 corpus
1248 589 1306 665 Q
1354 589 1416 651 in
1460 587 1666 668 spatio
1704 585 1900 647 libero
1929 585 2090 645 circa
2118 583 2403 646 centrum'
2427 587 2641 648 datum

200 2171 258 2231 C
302 2167 655 2242 revolvitur,
701 2169 885 2230 datur
942 2167 1079 2251 (per
1129 2190 1301 2249 prop.
1344 2187 1462 2228 XLI
1484 2167 1538 2249 1)
1590 2180 1723 2229 tum
1768 2166 2117 2249 trajectoria
2159 2168 2407 2244 PQR,
2455 2190 2643 2249 quam

196 2290 420 2349 corpus
470 2268 777 2340 describit,
833 2280 965 2328 tum
1023 2266 1195 2328 locus
1256 2267 1330 2342 Q,
1385 2265 1447 2326 in
1500 2287 1626 2346 quo
1678 2287 1902 2347 corpus
1960 2267 2042 2328 ad
2100 2268 2316 2328 datum
2376 2268 2644 2349 quodvis

195 2380 442 2448 tempus
472 2367 836 2439 versabitur,
869 2380 1001 2427 tum
1049 2366 1321 2446 denique
1364 2363 1661 2427 velocitas
1709 2366 1982 2447 corporis
2031 2367 2093 2427 in
2136 2366 2272 2428 loco
2304 2366 2406 2429 illo
2440 2369 2539 2443 Q‚·
2585 2368 2645 2429 &

194 2478 423 2528 contra.
517 2466 590 2541 Q.
614 2466 695 2527 E.
722 2466 780 2527 J.

433 2662 1057 2747 PROPOSITIO
1129 2685 1444 2747 XLVII.
1567 2685 2167 2767 THEOREMA
2255 2686 2410 2748 XV.

192 2838 404 2900 Posito
430 2838 596 2919 quod
617 2838 709 2898 vis
735 2838 1066 2918 centripeta
1077 2838 1576 2919 proportionalis
1602 2838 1687 2899 sit
1711 2837 2027 2899 distantiae
2051 2838 2321 2917 corporis
2347 2860 2387 2898 a
2415 2847 2616 2900 centro
2624 2866 2649 2910 ,-

277 2958 530 3030 corpora
559 2949 768 3011 omnia
797 2949 867 3011 in
890 2952 1113 3031 planis
1139 2952 1592 3032 quibuscunque
1631 2950 2000 3012 revolventia
2036 2950 2366 3012 describent
2397 2953 2642 3032 ellipses,

280 3062 363 3127 ὥ*
390 3061 788 3123 revolutiones
816 3063 1183 3142 temporibus
1202 3064 1539 3145 aequalibus
1550 3072 1858 3145 peragent
1875 3089 1900 3135 ‚·
1941 3085 2188 3144 quaeque
2227 3073 2551 3126 moventur
2577 3066 2645 3127 in

277 3174 454 3235 lineis
495 3174 684 3246 rectis,
715 3175 887 3236 ultro
928 3175 1198 3256 citroque
1235 3175 1644 3249 discurrendo,
1675 3176 1962 3258 singulas
2003 3178 2193 3238 eundi
2234 3180 2316 3243 ὥ*
2358 3179 2651 3240 redeundi

261 3288 545 3368 periodos
573 3287 782 3348 iisdem
811 3288 1178 3367 temporibus
1202 3289 1521 3350 absolvent.

309 3439 496 3511 Nam,
527 3438 834 3500 stantibus
863 3460 1008 3519 quae
1039 3439 1102 3500 in
1131 3439 1450 3520 superiore
1475 3440 1919 3521 propositione,
1951 3441 2048 3503 vis
2080 3443 2138 3503 S
2165 3444 2234 3517 V,
2268 3465 2393 3524 qua
2421 3465 2644 3523 corpus

196 3537 254 3613 Q
285 3537 348 3598 in
378 3535 566 3618 plano
596 3537 819 3618 quovis
847 3538 913 3597 P
936 3538 994 3613 Q
1017 3539 1085 3598 R
1127 3536 1460 3600 revolvens
1500 3538 1764 3600 trahitur
1791 3562 2010 3602 versus
2041 3555 2321 3602 centrum
2353 3543 2419 3615 S,
2452 3555 2549 3603 est
2577 3554 2645 3601 ut

193 3635 487 3697 distantia
559 3637 616 3697 S
636 3636 694 3711 Q
716 3661 742 3707 ‚·
805 3648 994 3716 atque
1053 3636 1198 3698 ideo
1254 3637 1337 3698 ob
1395 3636 1889 3718 proportionales
1962 3640 2021 3700 S
2053 3640 2118 3700 V
2167 3640 2227 3702 Sc
2286 3641 2342 3700 S
2347 3640 2431 3715 Q,
2504 3640 2568 3699 T
2591 3640 2655 3699 V

194 3732 256 3796 &
303 3734 361 3795 C
379 3734 453 3809 Q,
484 3734 582 3795 vis
623 3734 688 3794 T
701 3734 770 3806 V,
803 3752 928 3814 qua
957 3755 1181 3814 corpus
1210 3734 1474 3796 trahitur
1501 3757 1720 3796 versus
1750 3749 2049 3816 punctum
2085 3738 2143 3799 C
2167 3739 2229 3798 in
2260 3738 2426 3798 orbis
2455 3735 2643 3816 plano

193 3830 425 3903 datum,
457 3842 555 3891 est
599 3842 670 3892 ut
713 3830 1009 3892 distantia
1064 3831 1122 3891 C
1136 3832 1210 3906 Q.
1304 3832 1488 3893 Vires
1541 3832 1742 3913 igitur,
1775 3834 2000 3914 quibus
2048 3856 2308 3914 corpora
2354 3835 2415 3895 in
2455 3831 2643 3912 plano
