2852 4250
193 74 316 151 388
990 69 1106 118 DE
1140 69 1215 120 M
1223 71 1431 122 UNDI
1457 70 1502 121 S
1513 69 1816 122 YSTEMA
1827 71 1925 121 TE

195 241 389 302 Certe
441 252 662 303 contra
709 238 1294 322 experimentorum
1349 248 1637 298 tenorem
1691 237 1940 299 somnia
1991 250 2232 302 temere
2283 240 2726 326 confingenda,

195 361 323 403 non
369 352 534 414 sunt,
583 361 700 402 nec
748 362 787 401 a
840 351 1082 400 naturae
1132 336 1427 420 analogia
1475 335 1903 398 recedendum
1949 351 2063 412 est,
2118 361 2262 401 cum
2311 362 2389 403 ea
2435 341 2708 425 simplex

193 464 336 504 esse
395 439 598 504 soleat
650 441 712 503 &
764 441 883 502 sibi
936 460 1193 520 semper
1239 458 1536 500 consona.
1654 435 1970 500 Extensio
2021 444 2358 521 corporum
2405 462 2534 503 non
2588 442 2710 504 nisi

195 564 313 624 per
341 563 567 604 sensus
601 539 938 602 innotescit
986 560 1103 601 nec
1150 539 1213 599 in
1245 537 1542 600 omnibus
1590 537 1901 601 sentitur:
1946 538 2062 601 sed
2108 539 2259 621 quia
2305 540 2710 605 sensibilibus

195 643 490 706 omnibus
543 641 847 722 competit
877 639 959 701 de
991 638 1303 700 universis
1334 637 1698 699 affirmatur.
1813 637 2101 719 Corpora
2143 637 2326 720 plura
2369 640 2528 702 dura
2568 663 2712 704 esse

197 744 572 825 experImur.
670 741 892 803 Oritur
937 752 1152 801 autem
1201 738 1465 799 durities
1515 737 1709 799 totius
1757 759 1798 811 a
1844 737 2076 800 duritie
2121 739 2411 821 partium,
2446 740 2509 803 &
2562 742 2711 806 inde

196 865 324 906 non
386 843 611 905 horum
673 854 921 902 tantum
982 861 1319 920 corporum
1381 861 1527 920 quae
1587 839 1948 900 sentiuntur
2023 839 2138 900 sed
2167 839 2464 903 ‘aliorum
2518 842 2711 904 etiam

195 945 479 1007 omnium
528 939 867 1024 particulas
929 940 1235 1001 indivisas
1283 960 1426 1001 esse
1485 938 1678 1022 duras
1732 939 1960 1002 merito
2012 939 2461 1005 concludimus,
2557 942 2729 1005 Cor-⁴

194 1066 351 1126 pora
410 1043 626 1106 omnia
687 1038 1194 1123 impenetrabilia
1245 1061 1388 1101 esse
1442 1060 1571 1101 non
1633 1039 1877 1101 ratione
1923 1041 2037 1102 sed
2097 1063 2287 1104 sensu
2336 1041 2706 1126 colligimus,

194 1145 358 1224 Quae
434 1156 777 1204 tractamus
857 1139 1364 1222 impenetrabilia
1438 1140 1867 1216 inveniuntur,
1929 1141 1991 1203 &
2059 1142 2209 1204 inde
2269 1143 2707 1206 concludimus

193 1243 857 1327 impenetrabilitatem
904 1264 1046 1304 esse
1100 1241 1559 1323 proprietatem
1613 1262 1950 1322 corporum
2000 1243 2459 1308 universorum.
2556 1246 2711 1309 Cor-

191 1368 347 1428 pora
399 1346 614 1407 omnia
668 1342 929 1406 mobilia
974 1364 1133 1414 esse,
1184 1342 1246 1404 &
1294 1342 1539 1404 viribus
1586 1342 1972 1424 quibusdam
2023 1342 2208 1427 (quas
2254 1345 2424 1407 vires
2471 1346 2713 1409 inertiae

191 1446 520 1530 vocamus)
557 1467 969 1528 perseverare
1017 1445 1079 1505 in
1113 1457 1289 1506 motu
1323 1442 1427 1505 vel
1461 1444 1693 1525 quiete,
1728 1465 1811 1504 ex
1855 1443 2030 1506 hisce
2061 1466 2398 1526 corporum
2429 1446 2765 1520 visorum,-

192 1548 685 1630 proprietatibus
718 1546 1089 1629 colligimus,
1212 1544 1544 1616 ExtensiO,
1580 1543 1861 1617 durities
1898 1544 2477 1626 impenetrabilita3‚
2512 1547 2711 1610 mobi-

192 1648 334 1709 litas
390 1648 451 1710 &
504 1649 603 1709 vis
655 1648 898 1709 inertia:
953 1646 1147 1707 totius
1201 1645 1401 1707 oritur
1448 1644 1529 1704 ab
1579 1644 1970 1716 extensione,
2027 1645 2276 1722 duritie,
2333 1647 2711 1729 impenetra-

190 1748 448 1822 bilitate‚
502 1748 853 1811 mobilitate
904 1747 966 1808 &
1014 1747 1256 1808 viribus
1308 1745 1550 1807 inertiae
1601 1746 1917 1827 partium:
1970 1745 2032 1807 Sc
2082 1746 2230 1808 inde
2279 1746 2714 1809 concludimus

190 1872 414 1912 omnes
471 1850 758 1911 omnium
814 1870 1148 1930 corporum
1196 1861 1411 1928 partes
1466 1847 1761 1908 minimas
1808 1847 2068 1908 extendi
2119 1847 2181 1909 ἃ
2226 1847 2418 1921 duras
2464 1870 2606 1910 esse
2653 1847 2715 1910 &

194 1950 707 2032 impenetrabiles
755 1949 816 2011 ἃ
867 1946 1134 2011 mobiles
1184 1947 1244 2008 &
1294 1947 1535 2008 viribus
1586 1947 1828 2009 inertiae
1876 1948 2192 2029 praeditaS.
2314 1949 2404 2010 Et
2451 1949 2573 2012 hoc
2618 1962 2717 2012 est

191 2050 682 2113 fundamentum
716 2049 1139 2132 philosophiae
1173 2049 1381 2111 totiuS.
1483 2048 1680 2110 Porro
1726 2070 2060 2130 corporum
2108 2062 2320 2130 partes
2366 2049 2606 2110 divisas
2653 2048 2716 2111 &

193 2152 311 2212 sibi
374 2165 600 2214 mutuo
661 2152 994 2234 contiguas
1048 2150 1130 2211 ab
1193 2149 1469 2212 invicem
1531 2150 1810 2231 separari
1872 2172 2065 2231 posse
2134 2172 2216 2211 ex
2276 2149 2716 2232 phaenomenis
2808 2174 2852 2195 ,·

192 2254 503 2326 novimus
540 2253 601 2314 ἃ
632 2266 845 2334 partes
880 2252 1185 2313 indivisas
1229 2251 1291 2312 in
1325 2264 1538 2331 partes
1570 2251 1848 2313 minores
1881 2252 2124 2313 ratione
2172 2250 2477 2334 distingui
2525 2272 2717 2333 posse

190 2377 270 2416 ex
325 2355 777 2417 mathematica
829 2367 1072 2416 certum
1126 2366 1239 2414 est.
1343 2352 1581 2414 Utrum
1636 2374 1792 2414 vero
1845 2365 2058 2434 partes
2113 2351 2234 2414 illae
2287 2352 2604 2414 distinctae
2654 2351 2716 2414 8:

194 2458 477 2519 nondum
539 2457 764 2519 divisae
827 2479 942 2538 per
1001 2455 1171 2516 vires
1235 2467 1481 2516 naturae
1544 2455 1745 2516 dividi
1824 2455 1886 2516 &
1951 2454 2042 2515 -ab
2103 2454 2376 2516 invicem
2437 2453 2714 2536 separari

192 2559 456 2639 possint,
511 2558 819 2619 incertum
871 2571 983 2619 est.
1083 2556 1178 2618 At
1226 2557 1278 2617 si
1312 2555 1415 2618 vel
1467 2557 1655 2618 unico
1687 2569 2009 2619 constaret
2053 2556 2495 2638 experimento
2541 2555 2714 2638 quod

194 2657 500 2739 particula
544 2657 757 2740 aliqua
804 2659 1094 2731 indivisa,
1143 2657 1502 2740 frangendo
1549 2680 1780 2739 corpus
1826 2658 2056 2719 durum
2108 2658 2170 2719 ἃ
2215 2657 2505 2732 solidum,
2553 2658 2713 2720 divi-

192 2761 437 2822 sionem
488 2749 852 2841 pateretur:
901 2759 1425 2823 concluderemus
1476 2760 1540 2820 vi
1590 2759 1776 2842 hujus
1827 2757 2080 2842 regulae,
2115 2759 2289 2840 quod
2332 2780 2459 2821 non
2504 2757 2713 2821 *solum

196 2874 408 2942 partes
441 2861 668 2922 divisae
700 2861 1088 2943 separabiles
1121 2875 1353 2935 essent,
1387 2860 1503 2923 sed
1536 2860 1727 2923 etiam
1761 2860 1935 2943 quod
1975 2859 2265 2922 indivisae
2298 2860 2360 2921 in
2400 2859 2714 2921 infinitum

143 3023 149 3027 ,
192 2960 393 3021 dividi
426 2975 704 3042 possent.

316 3061 617 3142 Denique
665 3062 717 3122 si
751 3084 1016 3144 corpora
1049 3064 1264 3126 omnia
1298 3064 1360 3124 in
1394 3062 1654 3124 circuitu
1706 3075 1890 3124 terrae
1921 3061 2146 3145 gravia
2176 3083 2318 3123 esse
2369 3060 2430 3121 in
2463 3073 2712 3133 terram,

195 3161 387 3243 idque
432 3184 548 3243 pro
595 3164 949 3244 quantitate
997 3165 1280 3226 materiae
1331 3164 1393 3225 in
1445 3161 1727 3246 singuliS,
1763 3163 1825 3225 &
1877 3162 2094 3225 lunam
2141 3184 2408 3247 gravem
2458 3183 2602 3224 esse
2651 3161 2713 3222 in
2800 3238 2804 3241 ι

193 3278 425 3325 terram
458 3285 574 3344 pro
606 3263 964 3344 quantitate
997 3265 1281 3326 materiae
1325 3287 1479 3339 suae,
1515 3263 1576 3324 ἃ
1622 3264 1903 3325 vicissim
1953 3285 2129 3325 mare
2179 3276 2467 3325 nostrum
2513 3282 2714 3346 grave

192 3387 335 3427 esse
367 3365 429 3426 in
461 3364 693 3438 lunam,
730 3365 790 3426 &
822 3364 1111 3446 planetas
1158 3388 1381 3428 omnes
1426 3388 1660 3451 graves
1710 3387 1853 3427 esse
1903 3364 1965 3425 in
2016 3386 2086 3426 se
2137 3377 2374 3437 mutue,
2411 3363 2473 3425 &
2503 3383 2711 3425 come-

192 3478 399 3526 tarum
431 3463 702 3526 similem
753 3487 895 3527 esse
942 3467 1325 3548 gravitatem
1377 3468 1439 3529 in
1490 3466 1707 3540 solem,
1742 3488 1858 3548 per
1902 3466 2342 3547 experimenta
2388 3464 2451 3526 &
2495 3464 2710 3526 obser-

188 3567 481 3628 vationes
531 3568 988 3629 astronomicas
1031 3567 1473 3630 universaliter
1503 3581 1782 3631 constet:
1830 3566 2173 3629 dicendum
2223 3566 2343 3628 erit
2388 3587 2503 3647 per
2547 3564 2710 3625 hanc
2790 3610 2798 3617 .

190 3665 475 3750 regulam
526 3667 700 3749 quod
750 3690 1017 3749 corpora
1062 3669 1277 3730 omnia
1323 3670 1385 3730 in
1432 3692 1502 3732 se
1549 3683 1772 3731 mutuo
1817 3667 2156 3751 gravitant.
2257 3665 2431 3727 Nam
2479 3663 2540 3726 &
2585 3663 2707 3726 for-

111 3808 115 3810 -
186 3768 312 3829 tius
362 3767 481 3830 erit
529 3780 980 3851 argumentum
1014 3790 1094 3829 ex
1141 3768 1581 3850 phaenomenis
1627 3770 1710 3832 de
1754 3768 2072 3853 gravitate
2118 3763 2476 3838 universali,
2520 3784 2712 3846 quam
2780 3768 2786 3850 J
