2846 4250
1150 123 1154 126 ·
1182 108 1422 163 LIBER
1460 111 1798 163 TERTIUS.
2584 129 2665 186 49
2678 128 2699 168 1

267 283 616 368 gitudinem
644 281 707 342 in
738 287 1037 360 tangente
1065 275 1458 356 descriptam,
1476 274 1560 350 *ut
1588 274 1646 334 S
1656 279 1698 343 μ
1727 273 1808 334 ad
1839 272 1896 332 S
1897 272 1991 333 N.
2086 271 2286 353 Igitur
2315 272 2383 332 A
2403 271 2460 332 C
2485 271 2546 332 8c
2574 270 2704 333 lon—

164 421 172 426 ·
267 382 489 467 gitudo
538 380 655 460 hac
700 398 868 439 nova
917 373 1243 436 velocitate
1288 371 1616 454 descripta,
1664 393 1805 433 cum
1851 370 1978 431 sint
2013 369 2095 430 ad
2141 368 2595 451 longitudinem
2647 370 2708 430 in

268 490 568 562 tangente
596 474 972 554 descriptam
1003 473 1065 533 in
1096 472 1319 533 eadem
1349 472 1604 543 ratione,
1637 481 1968 550 aequantur
1996 468 2158 554 inter
2178 489 2262 528 se.
2356 467 2430 542 Q.
2444 469 2525 528 E.
2536 468 2622 528 D.

386 575 583 640 Corol.
635 574 901 636 Cometa
929 571 1120 652 igitur
1146 591 1223 632 ea
1251 591 1393 631 cum
1436 566 1782 640 velocitate,
1814 588 2003 647 quam
2046 566 2237 627 habet
2280 565 2342 624 in
2386 563 2709 626 altitudine

271 678 329 738 S
339 674 565 749 μ-Ι-ξ]
574 698 633 748 μ,
665 671 889 733 eodem
920 682 1203 750 tempore
1233 667 1613 729 describeret
1642 665 1940 727 chordam
1969 665 2038 725 A
2067 665 2124 726 C
2147 663 2634 745 quamproxime.

1122 902 1582 966 LEMMA
1690 901 1859 964 XI.

384 1093 466 1154 Si
501 1099 722 1153 cometa
764 1095 933 1149 motu
975 1085 1148 1148 omni
1177 1085 1478 1165 privatus
1527 1083 1599 1143 de
1638 1080 1973 1143 altitudine
2020 1079 2066 1141 S
2108 1079 2167 1140 N
2216 1101 2318 1141 seu
2372 1079 2416 1140 S
2443 1104 2483 1147 μ
2499 1093 2551 1146 -Ι-
2568 1078 2602 1144 r}
2625 1078 2650 1138 I
2673 1102 2714 1146 μ

268 1192 702 1262 demitteretur,
755 1196 830 1248 ut
883 1186 1119 1249 caderet
1160 1185 1229 1245 in
1285 1183 1478 1255 solem,
1528 1183 1610 1247 ὣ*
1650 1203 1719 1241 ecc
1760 1186 1990 1257 semper
2028 1177 2094 1237 vi
2132 1176 2539 1256 uniformiter
2578 1197 2712 1237 con-

270 1290 520 1352 tinuata
577 1294 910 1370 urgeretur
962 1286 1034 1346 in
1089 1284 1284 1354 solem,
1344 1302 1468 1361 qua
1524 1287 1792 1360 urgetur
1831 1277 1941 1338 sub
1997 1276 2178 1337 initio
2194 1302 2219 1347 ,·
2282 1276 2441 1335 idem
2490 1270 2722 1335 semisse

270 1389 573 1470 temporis,
602 1408 721 1468 quo
749 1387 819 1447 in
847 1385 986 1446 orbe
1009 1403 1117 1443 suo
1158 1379 1455 1441 describat
1494 1398 1712 1438 arcum
1742 1374 1805 1436 A
1829 1375 1902 1451 C,
1933 1374 2207 1435 descensu
2236 1394 2343 1434 suo
2372 1372 2721 1434 describeret

269 1487 542 1569 spatium
569 1482 958 1566 longitudini
986 1482 1013 1542 I
1038 1505 1081 1549 μ
1109 1478 1350 1560 aequale.

371 1657 560 1727 'Nam
618 1675 878 1734 cometa,
918 1682 1045 1742 quo
1107 1671 1390 1738 tempore
1447 1653 1758 1716 describat
1815 1672 2026 1713 arcum
2084 1646 2506 1730 parabolicum
2554 1646 2621 1707 A
2652 1645 2716 1717 C,

273 1746 497 1829 eodem
527 1777 810 1844 ternpore
839 1782 915 1822 ea
944 1780 1085 1820 cum
1128 1755 1478 1829 velocitate,
1511 1773 1700 1833 quam
1744 1750 1934 1811 habet
1964 1750 2024 1809 in
2056 1746 2381 1808 altitudine
2422 1746 2477 1805 S
2490 1746 2553 1805 P
2586 1743 2722 1826 (per

276 1864 508 1927 lemma
551 1858 984 1941 novissimum)
1034 1855 1346 1918 describet
1389 1851 1686 1914 chordam
1732 1849 1799 1908 A
1829 1848 1893 1920 C,
1949 1847 2215 1926 ideoque
2264 1844 2400 1926 (per
2442 1841 2623 1904 corol.
2686 1859 2718 1918 7

274 1985 448 2044 prop.
484 1981 594 2022 xv1
623 1959 725 2021 lib.
771 1958 825 2041 1)
860 1957 1084 2019 eodem
1124 1967 1407 2033 tempore
1451 1952 1512 2011 in
1559 1947 1801 2021 circulo,
1835 1948 2007 2028 cujus
2052 1944 2513 2006 semidiameter
2555 1952 2722 2002 esset

275 2062 332 2122 S
346 2062 422 2134 P,
454 2060 518 2121 vi
547 2058 873 2142 gravitatis
902 2077 1034 2117 suae
1072 2050 1458 2114 revolvendo
1502 2047 1882 2109 describeret
1925 2065 2152 2116 arcum,
2185 2043 2357 2123 cujus
2401 2037 2725 2121 longitudo

275 2171 443 2221 esset
512 2158 595 2219 ad
651 2177 829 2218 arcus
895 2150 1228 2235 parabolici
1288 2148 1586 2210 chordam
1645 2146 1713 2206 A
1754 2147 1810 2207 C
1864 2146 1924 2205 in
1984 2139 2414 2220 subduplicata
2485 2136 2723 2197 ratione

275 2258 529 2319 unitatis
558 2256 640 2318 ad
668 2255 991 2317 binarium.
1087 2250 1175 2310 Et
1218 2261 1550 2329 propterea
1597 2267 1674 2306 eo
1718 2265 1858 2304 cum
1903 2240 2195 2322 pondere,
2229 2237 2397 2318 quod
2442 2235 2631 2295 habet
2661 2234 2722 2293 in

275 2356 473 2420 solem
504 2357 566 2417 in
607 2353 934 2416 altitudine
979 2351 1036 2411 S
1047 2350 1125 2421 P,
1159 2346 1442 2409 cadendo
1486 2345 1567 2405 de
1611 2342 1937 2404 altitudine
1985 2338 2086 2399 illa
2138 2338 2199 2397 in
2251 2334 2462 2405 solem,
2494 2331 2722 2392 descri-

275 2457 454 2518 beret
499 2454 758 2516 semisse
809 2448 1107 2530 temporis
1156 2444 1316 2507 illius
1359 2443 1495 2526 (per
1538 2439 1719 2503 corol.
1779 2461 1816 2517 9
1861 2459 2034 2519 prop.
2086 2455 2151 2495 1v
2194 2433 2293 2494 lib.
2354 2430 2407 2512 1)
2456 2430 2723 2510 spatium

277 2553 519 2636 aequale
576 2551 882 2634 quadrato
939 2545 1215 2609 semissis
1273 2542 1524 2605 chordae
1584 2539 1742 2601 illius
1811 2536 2119 2618 applicato
2170 2533 2252 2594 ad
2313 2527 2723 2611 quadruplum

1382 2642 1451 2701 Α
1476 2642 1596 2753 lq.
1695 2688 1888 2750 Unde
1918 2706 2059 2748 cum
2096 2681 2342 2763 pondus
2373 2690 2632 2742 cornetae
2664 2678 2724 2738 in

278 2703 621 2767 altitudinis
652 2702 709 2764 S
724 2701 802 2773 P,
836 2700 900 2761 id
939 2711 1050 2770 est,
1082 2696 1353 2777 spatium

282 2959 339 3019 S
354 2959 433 3030 P,
465 2969 535 3020 ut
581 2956 639 3016 S
654 2956 718 3016 P
762 2953 844 3015 ad
891 2952 947 3014 S
963 2976 1005 3020 μ
1032 2974 1045 3012 :
1090 2961 1335 3012 cometa
1378 2945 1655 3028 pondere
1686 2940 1856 3023 quod
1900 2939 2089 2999 habet
2119 2936 2181 2996 in
2225 2932 2550 2994 altitudine
2581 2931 2636 2991 S
2649 2930 2734 2989 N

2238 3033 2306 3092 A
2330 3032 2379 3092 I
2392 3054 2432 3111 q

2253 3138 2421 3215 481²

280 3108 504 3171 eodem
554 3118 854 3187 tempore,
888 3103 951 3164 in
1002 3099 1198 3164 solem
1250 3097 1550 3169 cadend0‚
1582 3092 1877 3156 describit
1919 3088 2188 3170 spatium
2439 3131 2453 3156 ‚
2503 3080 2566 3141 id
2612 3091 2721 3150 est,

281 3262 551 3344 spatium
579 3257 952 3343 longitudini
982 3256 1031 3317 I
1042 3281 1083 3325 μ
1112 3252 1214 3317 vel
1243 3254 1338 3314 Μ
1344 3278 1385 3322 μ
1415 3247 1670 3332 aequale.
1765 3244 1934 3321 QE.
1947 3244 2031 3303 D.
