2846 4250
182 142 306 216 466
943 133 1060 182 DE
1096 133 1170 183 M
1172 131 1379 183 UNDI
1403 130 1447 181 S
1459 129 1544 180 YS
1549 129 1599 178 T
1589 127 1760 178 EMA
1771 127 1870 177 TE

277 305 351 365 In
382 314 568 384 portu
599 301 942 384 Plymuthz'
966 311 1159 362 aestus
1191 298 1380 360 maris
1412 319 1492 359 ex
1522 293 1971 358 observatione
2003 294 2319 357 Samuelis
2353 295 2694 378 Colspraesi

188 405 269 467 ad
318 403 515 485 pedes
564 401 705 484 plus
755 402 962 463 minus
1008 400 1330 462 sexdecim
1375 397 1707 459 altitudine
1738 396 2039 458 mediocri
2069 394 2390 471 attollitur,
2423 419 2498 460 ac
2527 411 2686 462 tem-

188 525 342 586 pore
388 524 588 582 verno
634 502 695 563 &
742 499 1087 562 autumnali
1136 498 1403 561 altitudo
1448 509 1641 559 aestus
1694 496 1758 557 in
1810 497 2087 579 syzygiis
2131 519 2433 578 superare
2477 512 2692 581 potest

189 603 589 666 altitudinem
639 603 774 684 ejus
828 602 890 662 in
940 599 1340 681 quadraturis
1388 598 1659 680 pedibus
1711 595 1854 678 plus
1907 610 2155 679 septem
2207 597 2312 660 vel
2365 612 2524 663 octo,
2617 599 2689 662 Si

187 704 464 766 maxima
509 703 730 764 harum
782 700 1184 762 altitudinum
1231 698 1586 760 differentia
1633 697 1716 758 sit
1760 697 1997 779 pedum
2043 719 2295 772 novem,
2328 700 2448 762 erit
2495 700 2688 769 L÷S

187 805 271 866 ad
313 803 503 864 L—S
538 815 609 864 ut
643 801 759 868 20}
787 801 870 862 ad
910 822 931 860 1
954 799 1022 866 1}
1051 821 1163 860 seu
1195 819 1269 877 41
1324 799 1407 859 ad
1457 818 1553 877 23.
1651 797 1815 877 Quae
1859 799 2186 879 proportio
2216 800 2370 861 satis
2402 801 2694 884 congruit

189 926 332 966 cum
384 903 608 984 priore.
704 902 811 963 Ob
863 899 1369 982 magnitudinem
1419 911 1612 960 aestus
1666 897 1729 958 in
1777 911 1964 979 portu
2012 900 2344 962 Brz’stolz'oe
2390 901 2691 963 observa-

188 1004 463 1066 tionibus
495 1002 784 1064 Sturmz‘z'
814 1001 1017 1084 magis
1065 999 1391 1060 fidendum
1423 1020 1564 1060 esse
1609 998 1878 1073 videtur,
1913 999 2188 1081 ideoque
2218 1001 2424 1064 donec
2454 1000 2694 1084 aliquid

185 1104 414 1167 certius
446 1103 795 1165 constiterit
824 1101 1301 1183 proportionem
1334 1121 1372 1177 9
1404 1100 1487 1160 ad
1523 1118 1554 1178 5
1590 1100 2052 1181 usurpabimus,

303 1203 623 1264 Caeterum
672 1203 755 1265 ob
803 1224 1112 1284 aquarum
1159 1201 1513 1282 reciprocos
1560 1213 1771 1262 motus
1821 1215 2015 1263 aestus
2065 1202 2325 1264 maximi
2371 1224 2500 1266 non
2543 1203 2693 1265 inci-

186 1303 347 1364 dunt
378 1303 440 1364 in
473 1304 641 1385 ipsas
672 1302 1073 1364 luminarium
1105 1302 1415 1385 syzygiaS,
1451 1301 1565 1362 sed
1598 1314 1748 1362 sunt
1777 1302 1944 1363 tertii
1975 1324 2014 1363 a
2045 1303 2322 1386 syzygiis
2353 1316 2424 1365 ut
2454 1304 2695 1366 dictum

185 1403 318 1477 fuit,
353 1426 464 1465 seu
496 1405 785 1485 proxime
816 1417 1168 1486 sequuntur
1198 1403 1454 1464 tertium
1499 1401 1667 1463 lunae
1713 1415 1861 1483 post
1904 1403 2199 1485 syzygias
2241 1402 2579 1485 appulsum
2611 1405 2695 1466 ad
2732 1448 2758 1467 ,ν

186 1506 605 1568 meridianum
650 1506 786 1580 loci,
834 1507 936 1569 vel
984 1506 1194 1588 potius
1246 1504 1340 1588 (ut
1384 1526 1423 1565 a
1469 1504 1761 1565 Sturmz'o
1806 1503 2083 1587 notatur)
2136 1517 2286 1566 sunt
2333 1506 2500 1567 tertii
2550 1519 2699 1588 post

188 1608 358 1670 diem
394 1607 697 1670 novilunii
743 1607 845 1670 vel
892 1606 1234 1689 plenilunii,
1269 1628 1382 1667 seu
1432 1618 1580 1686 post
1627 1604 1850 1666 horam
1898 1627 1937 1666 a
1986 1605 2312 1669 novilunio
2343 1607 2446 1669 vel
2495 1607 2696 1689 pleni-

187 1708 360 1771 lunio
404 1707 546 1790 plus
592 1710 799 1770 minus
830 1709 1294 1780 duodecimam,
1330 1707 1603 1788 ideoque
1635 1707 1920 1768 incidunt
1951 1707 2014 1769 in
2046 1708 2268 1770 horam
2300 1732 2339 1770 a
2371 1709 2699 1773 novilunio

187 1808 290 1871 vel
336 1808 682 1890 plenilunio
725 1808 867 1891 plus
913 1810 1121 1870 minus
1153 1808 1709 1890 quadragesimam
1742 1808 2008 1872 tertiam.
2106 1809 2404 1871 Incidunt
2433 1833 2588 1873 vero
2635 1811 2699 1873 in

188 1910 307 1971 hoc
337 1923 523 1990 portu
557 1910 618 1970 in
652 1909 872 1971 horam
905 1910 1243 1990 septimam
1274 1909 1520 1970 circiter
1549 1909 1630 1969 ab
1662 1907 1932 1990 appulsu
1964 1908 2131 1971 lunae
2163 1911 2246 1971 ad
2278 1912 2700 1974 meridianum

187 2008 341 2083 loci;
412 2009 685 2090 ideoque
743 2010 1033 2090 proxime
1093 2022 1449 2090 sequuntur
1506 2008 1844 2090 appulsum
1898 2010 2067 2072 lunae
2119 2012 2202 2073 ad
2259 2013 2697 2087 meridianum,

188 2110 295 2171 ubi
340 2108 489 2170 luna
537 2110 732 2170 distat
778 2132 816 2170 a
863 2107 998 2171 sole
1049 2108 1152 2170 vel
1201 2110 1283 2170 ab
1331 2110 1736 2190 oppositione
1784 2109 1935 2172 solis
1978 2112 2285 2195 gradibus
2316 2113 2459 2194 plus
2492 2114 2700 2176 minus

189 2210 541 2274 octodecim
604 2208 707 2271 vel
776 2210 1221 2271 novemdecim
1293 2210 1357 2271 in
1434 2211 1906 2292 consequentia.
2031 2212 2262 2275 AEstas
2339 2214 2401 2276 &
2475 2214 2701 2297 hyems

190 2311 465 2373 maxime
511 2311 747 2393 vigent,
797 2332 925 2372 non
973 2311 1036 2371 in
1084 2311 1237 2392 ipsis
1283 2309 1585 2384 solstitiiS,
1619 2312 1736 2374 sed
1789 2313 1897 2375 ubi
1946 2312 2041 2376 sol
2090 2314 2287 2377 distat
2331 2339 2370 2377 a
2417 2315 2701 2379 solstitiis

190 2413 438 2475 decima
496 2412 740 2474 circiter
790 2425 971 2492 parte
1020 2412 1214 2474 totius
1267 2412 1578 2486 circuituS,
1635 2436 1748 2476 seu
1801 2416 2107 2498 gradibus
2167 2416 2309 2499 plus
2359 2419 2567 2481 minus
2620 2424 2701 2500 36

190 2513 293 2577 vel
343 2531 439 2593 37.
538 2514 628 2575 Et
661 2512 948 2575 similiter
995 2514 1310 2575 maximus
1360 2527 1553 2576 aestus
1600 2516 1791 2577 maris
1840 2517 2039 2580 oritur
2085 2519 2166 2580 ab
2214 2519 2485 2602 appulsu
2534 2519 2702 2583 lunae

102 2653 106 2664 ι
192 2615 275 2677 ad
321 2616 738 2677 meridianum
775 2614 911 2689 loci,
945 2616 1052 2677 ubi
1085 2614 1234 2677 luna
1264 2616 1461 2678 distat
1491 2639 1528 2678 a
1558 2616 1693 2679 sole
1723 2618 1973 2680 decima
2004 2620 2249 2683 circiter
2277 2635 2460 2704 parte
2491 2636 2703 2687 motus

194 2716 387 2778 totius
418 2717 499 2777 ab
530 2729 689 2778 aestu
722 2716 804 2777 ad
850 2729 1094 2778 aestum.
1188 2716 1290 2778 Sit
1320 2717 1623 2780 distantia
1654 2716 1758 2780 illa
1786 2720 2103 2802 graduum
2135 2721 2279 2804 plus
2310 2724 2520 2785 minus
2576 2725 2700 2792 182}

199 2821 290 2882 Et
332 2820 430 2881 vis
475 2818 625 2882 solis
673 2820 735 2880 in
781 2819 899 2881 hac
945 2820 1249 2881 distantia
1306 2819 1475 2883 lunae
1524 2843 1563 2882 a
1603 2823 1880 2906 syzygiis
1929 2823 1990 2885 δε
2036 2825 2437 2906 quadraturis
2497 2826 2707 2889 minor

198 2921 316 2982 erit
345 2920 428 2981 ad
459 2920 824 3003 augendum
858 2919 918 2981 Sc
949 2920 1031 2981 ad
1063 2921 1477 2982 minuendum
1510 2935 1755 2984 motum
1788 2924 1977 2986 maris
2002 2926 2123 2987 avi
2154 2924 2322 2988 lunae
2347 2927 2702 3001 oriundum,

200 3041 392 3101 quam
438 3019 500 3080 in
534 3019 686 3100 ipsis
717 3020 992 3103 syzygiis
1025 3019 1087 3081 &
1118 3022 1537 3102 quadraturiS,
1574 3024 1636 3084 in
1679 3024 1923 3088 ratione
1954 3026 2113 3087 radii
2161 3027 2244 3088 ad
2293 3027 2502 3088 sinum
2534 3051 2702 3091 com-

200 3120 502 3203 plementi
534 3121 851 3182 distantiae
896 3121 1081 3203 hujus
1128 3121 1465 3203 duplicatae
1513 3147 1626 3186 seu
1675 3125 1892 3209 anguli
1921 3133 1925 3137 ’
1938 3129 2255 3211 graduum
2305 3146 2402 3209 37,
2437 3129 2558 3193 hoc
2588 3143 2704 3207 est,

203 3224 265 3284 in
298 3222 540 3283 ratione
580 3242 913 3284 Iooooooo
943 3222 1026 3283 ad
1078 3225 1239 3301 7986
1247 3245 1281 3303 3
1292 3243 1387 3303 55.
1486 3226 1772 3310 Ideoque
1803 3229 1867 3290 in
1898 3230 2192 3315 analogia
2235 3232 2561 3314 superiore
2590 3255 2708 3315 pro

205 3323 264 3396 S
285 3322 472 3385 scribi
504 3321 697 3383 debet
725 3324 1082 3414 0,7986355
1119 3323 1184 3385 S.

319 3423 454 3485 Sed
486 3422 548 3483 δε
578 3422 675 3483 vis
706 3420 873 3483 lunae
918 3423 981 3483 in
1028 3424 1446 3504 quadraturiS‚
1482 3428 1565 3490 ob
1613 3429 2103 3496 declinationem
2151 3433 2319 3497 lunae
2367 3436 2450 3498 ab
2497 3457 2709 3518 aequa-

205 3537 358 3597 tore,
392 3521 655 3583 diminui
705 3521 911 3583 debet.
1011 3522 1183 3584 Nam
1237 3524 1386 3588 luna
1434 3528 1496 3588 in
1530 3531 1945 3611 quadraturiS,
1980 3534 2083 3597 vel
2132 3537 2344 3618 potius
2394 3537 2458 3599 in
2501 3537 2706 3620 gradu

214 3623 324 3690 18}
375 3637 522 3704 post
573 3622 1007 3704 quadraturaS,
1065 3624 1127 3684 in
1187 3625 1608 3691 declinatione
1654 3633 1970 3714 graduum
2018 3635 2162 3718 plus
2210 3637 2419 3699 minus
2469 3658 2543 3698 22
2611 3637 2710 3717 13'

206 3737 506 3786 versatur.
621 3723 710 3784 Et
756 3721 1078 3794 luminaris
1131 3726 1212 3787 ab
1265 3741 1589 3809 aequatore
1634 3732 2010 3798 declinantis
2062 3736 2161 3798 vis
2213 3737 2297 3800 ad
2349 3759 2525 3801 mare
2572 3760 2707 3802 mo-
