2846 4250
1192 77 1431 143 LIBER
1470 93 1808 143 TERTIUS.
2605 108 2724 172 527

290 279 443 340 pora
490 258 617 318 sint
662 258 724 318 in
776 256 1178 337 proportione
1227 253 1666 335 sesquiplicata
1709 255 2139 316 distantiarum
2183 278 2222 316 a
2261 255 2410 328 sole,
2448 269 2731 338 tempora

287 356 603 438 periodica
629 355 899 435 partium
929 354 1180 415 vorticis
1211 354 1514 414 deberent
1548 375 1685 414 esse
1726 354 1788 413 in
1824 352 2261 433 sesquiplicata
2295 354 2726 415 distantiarum

284 444 698 534 proportione.
795 453 891 514 Ut
920 453 1186 514 vortices
1217 452 1485 512 minores
1530 451 1755 511 circum
1801 451 2154 522 Saturnum,
2195 452 2421 530 Jovem
2467 452 2527 513 &
2573 452 2726 514 alios

288 549 570 632 planetas
615 549 819 631 gyrati
871 562 1316 610 conserventur
1375 548 1434 608 &
1492 546 1818 627 tranquille
1877 535 2092 608 natent
2149 549 2211 608 in
2259 532 2502 611 'vortice
2560 550 2722 623 soliS,

288 663 572 728 tempora
621 649 935 728 periodica
986 648 1252 726 partium
1303 646 1554 707 vorticis
1613 640 1828 707 solaris
1887 646 2188 707 deberent
2245 669 2384 708 esse
2443 648 2719 728 aequalia.

294 745 743 809 Revolutiones
816 744 962 807 solis
1037 745 1098 805 &
1169 743 1556 824 planetarum
1629 745 1856 803 circum
1929 766 2079 804 axes
2152 767 2313 817 suo5,
2375 768 2516 825 quae
2586 768 2725 806 cum

290 845 559 906 motibus
589 845 894 905 vorticum
926 863 1267 923 congruere
1298 841 1612 912 deberent,
1646 842 1724 900 ab
1763 843 2056 902 omnibus
2102 843 2269 903 hisce
2313 845 2723 924 proportioni-

287 945 404 1004 bus
444 944 813 1022 discrepant.
913 941 1129 1002 Motus
1161 952 1540 999 cometarum
1571 952 1716 999 sunt
1745 961 1987 999 summe
2018 939 2347 1020 regulares,
2383 940 2443 1000 8c
2473 942 2726 1002 easdem

286 1041 460 1123 leges
513 1063 652 1102 cum
706 1039 1091 1120 planetarum
1145 1038 1413 1099 motibus
1458 1038 1808 1109 observant,
1866 1039 1925 1098 &
1970 1059 2081 1117 per
2123 1039 2389 1098 vortices
2435 1038 2726 1118 explicari

290 1154 622 1221 nequeunt.
737 1140 1050 1200 Feruntur
1107 1150 1366 1197 cornetae
1427 1137 1695 1197 motibus
1755 1136 1940 1195 valde
1992 1135 2346 1195 eccentricis
2395 1136 2456 1195 in
2508 1157 2726 1196 omnes

288 1238 585 1300 coelorum
617 1251 840 1318 parteS,
875 1236 1044 1317 quod
1075 1234 1204 1295 fieri
1237 1256 1359 1294 non
1392 1247 1599 1314 potest
1630 1235 1744 1293 nisi
1776 1234 2042 1294 vortices
2074 1231 2380 1293 tollantur.

404 1335 751 1418 Projectilia
824 1336 884 1395 in
957 1344 1102 1395 aere
1171 1345 1381 1392 nostro
1449 1330 1647 1391 solam
1717 1331 1878 1391 aeris
1951 1331 2366 1390 resistentiam
2431 1331 2720 1393 sentiunt.

288 1435 552 1497 Sublato
599 1445 757 1506 aere,
811 1447 881 1494 ut
924 1433 994 1492 fit
1041 1432 1102 1491 in
1149 1451 1350 1490 vacuo
1392 1429 1712 1508 BoylianO,
1761 1428 2110 1488 resistentia
2153 1442 2369 1499 cessat,
2417 1430 2725 1508 siquidem

286 1532 499 1614 pluma
529 1531 731 1593 tenuis
778 1531 838 1592 &
882 1550 1098 1591 aurum
1144 1526 1410 1588 solidum
1457 1525 1679 1606 aequali
1726 1548 1866 1586 cum
1910 1525 2238 1586 velocitate
2275 1528 2335 1586 in
2374 1527 2491 1588 hoc
2531 1550 2728 1589 vacuo

279 1631 531 1692 cadunt.
656 1630 745 1690 Et
795 1650 908 1708 par
964 1640 1061 1688 est
1118 1626 1274 1686 ratio
1327 1625 1669 1704 spatiorum
1722 1622 2083 1694 coelestium,
2139 1645 2280 1702 quae
2341 1637 2486 1684 sunt
2543 1647 2731 1704 supra

286 1729 767 1809 atmosphaeram
799 1740 993 1788 terrae.
1087 1725 1367 1804 Corpora
1407 1722 1616 1783 omnia
1648 1722 1707 1780 in
1742 1722 1871 1781 istis
1909 1721 2123 1800 spatiis
2154 1720 2462 1781 liberrime
2494 1722 2729 1781 moveri

287 1829 553 1900 debent;
588 1827 647 1888 &
678 1839 1008 1906 propterea
1038 1821 1305 1903 planetae
1337 1821 1397 1881 &
1428 1834 1687 1880 cometae
1720 1819 1780 1878 in
1813 1820 2064 1879 orbibus
2097 1820 2302 1898 specie
2335 1819 2394 1879 &
2424 1820 2730 1898 positione

287 1927 448 1986 datis
480 1926 821 1986 secundum
868 1923 1039 2005 leges
1071 1942 1259 2000 supra
1305 1919 1620 1998 expositas
1670 1931 1970 1997 perpetuo
2019 1917 2269 1978 revolvi.
2367 1918 2729 1978 Persevera-

285 2026 441 2085 bunt
471 2024 724 2104 quidem
758 2023 817 2082 in
850 2021 1101 2082 orbibus
1132 2019 1258 2079 suis
1283 2040 1395 2098 per
1424 2016 1594 2098 leges
1624 2017 1961 2097 gravitatiS,
1984 2016 2094 2076 sed
2116 2014 2460 2097 regularem
2491 2018 2731 2077 orbium

288 2124 475 2184 situm
507 2122 790 2202 primitus
821 2120 1139 2200 acquirere
1171 2139 1282 2198 per
1311 2116 1482 2198 leges
1515 2117 1700 2176 hasce
1733 2116 1983 2175 minime
2015 2127 2362 2193 potuerunt.

333 2266 340 2271 -
379 2219 654 2280 Planetae
699 2241 810 2280 sex
855 2216 1225 2298 principales
1271 2214 1677 2276 revolvuntur
1721 2215 1945 2274 circum
1991 2212 2185 2273 solem
2232 2213 2292 2271 in
2339 2211 2574 2272 circulis
2619 2213 2731 2274 soli

290 2319 708 2390 concentriciS,
742 2317 963 2378 eadem
1011 2330 1215 2377 motus
1262 2315 1615 2384 directione,
1651 2314 1710 2372 in
1757 2313 1978 2372 eodem
2016 2310 2201 2390 plano
2242 2306 2727 2390 quamproxime.

297 2420 493 2479 Lunae
538 2418 755 2478 decem
803 2414 1208 2476 revolvuntur
1251 2416 1479 2475 circum
1528 2414 1806 2482 Terram,
1842 2411 2090 2490 ,Jovem
2152 2410 2211 2470 &
2272 2410 2608 2470 Saturnum
2669 2411 2729 2470 in

290 2514 527 2577 circulis
601 2513 1017 2584 concentriciS,
1093 2513 1313 2573 eadem
1389 2524 1593 2571 motus
1667 2495 2020 2579 directione,
2084 2509 2144 2567 in
2217 2507 2416 2587 planis
2490 2508 2730 2567 orbium

291 2614 677 2694 planetarum
724 2612 1213 2693 quamproxime.
1320 2611 1406 2670 Et
1451 2610 1512 2669 hi
1559 2630 1777 2670 omnes
1824 2621 2028 2667 motus
2074 2605 2386 2687 regulares
2431 2606 2731 2687 originem

291 2734 416 2774 non
447 2712 678 2773 habent
708 2734 787 2772 ex
824 2711 1024 2771 causis
1063 2709 1471 2778 mechanicis;
1518 2707 1827 2786 siquidem
1866 2718 2123 2765 cometae
2161 2704 2220 2763 in
2258 2703 2508 2763 orbibus
2548 2701 2732 2763 valde

290 2812 662 2882 eccentriciS,
726 2810 786 2870 ἃ
850 2809 913 2869 in
974 2831 1191 2869 omnes
1266 2806 1562 2867 coelorum
1638 2819 1846 2884 partes
1920 2803 2110 2864 libere
2182 2803 2471 2862 feruntur.
2587 2800 2733 2877 Quo

291 2924 496 2972 motus
546 2932 776 2992 genere
824 2922 1084 2970 cometae
1138 2929 1251 2986 per
1302 2907 1483 2967 orbes
1537 2904 1922 2984 planetarum
1976 2900 2288 2961 celerrime
2338 2900 2397 2959 ἃ
2447 2898 2732 2958 facillime

291 3023 628 3081 transeunt,
664 3009 724 3070 &
770 3010 830 3068 in
877 3006 1137 3088 apheliis
1182 3007 1324 3077 sui5‚
1374 3006 1477 3065 ubi
1526 3005 1826 3064 tardiores
1865 3015 2009 3062 sunt
2046 3000 2105 3060 &
2135 3000 2365 3059 diutius
2397 3011 2728 3068 morantur,

291 3129 479 3189 quam
531 3107 893 3188 longissime
945 3107 1179 3166 distant
1229 3105 1308 3163 ab
1369 3103 1650 3172 invicem,
1705 3115 1774 3160 ut
1831 3122 1899 3160 se
1961 3113 2176 3159 mutuo
2236 3119 2422 3177 quam
2482 3097 2733 3155 minime

294 3206 558 3266 trahant.
683 3204 1171 3285 Elegantissima
1244 3203 1450 3263 haecce
1524 3200 1688 3274 50115,
1766 3198 2151 3279 planetarum
2227 3197 2286 3257 ἃ
2359 3208 2734 3256 cometarum

293 3324 631 3383 compages
674 3323 798 3363 non
846 3302 962 3360 nisi
1009 3300 1265 3362 consilio
1312 3301 1371 3361 ἃ
1416 3301 1693 3361 dominio
1730 3299 1890 3359 entis
1929 3295 2325 3376 intelligentis
2364 3294 2424 3353 Sc
2464 3293 2732 3372 potentis

293 3402 435 3462 oriri
490 3400 705 3480 potuit.
830 3400 918 3459 Et
969 3401 1020 3459 si
1073 3398 1269 3460 stellae
1323 3399 1464 3459 fixae
1522 3399 1647 3458 sint
1694 3410 1903 3457 centra
1961 3394 2249 3455 similium
2307 3403 2729 3471 systematum,

292 3500 426 3560 haec
485 3499 694 3559 omnia
752 3497 932 3558 simili
1007 3498 1264 3559 consilio
1316 3510 1689 3571 ⁴constructa
1760 3495 2058 3555 suberunt
2141 3491 2346 3550 Unius
2416 3488 2730 3549 dominio:

294 3599 638 3679 praesertim
697 3619 837 3657 cum
895 3597 1003 3657 lux
1061 3597 1323 3657 fixarum
1382 3597 1462 3656 sit
1519 3596 1800 3677 ejusdem
1860 3606 2094 3653 naturae
2153 3611 2224 3649 ac
2281 3587 2387 3647 lux
2445 3586 2606 3669 50115,
2674 3586 2733 3646 8ε

292 3709 635 3777 systemata
664 3696 873 3757 omnia
901 3693 1102 3755 lucem
1134 3695 1195 3754 in
1226 3695 1435 3755 omnia
1467 3694 1730 3754 invicem
1778 3691 2124 3752 immittant.
2220 3686 2306 3745 Et
2351 3706 2429 3746 ne
2473 3684 2733 3744 fixarum

294 3807 635 3876 systemata
693 3816 805 3874 per
860 3793 1232 3875 gravitatem
1292 3813 1468 3851 suam
1528 3792 1588 3851 in
1649 3811 1717 3850 se
1776 3800 1991 3848 mutuo
2049 3784 2287 3856 cadant,
2348 3783 2447 3843 hic
2514 3782 2734 3843 eadem

295 3894 662 3956 immensam
710 3892 790 3952 ab
840 3891 1105 3951 invicem
1154 3890 1510 3951 distantiam
1560 3887 1848 3968 posuerit.
