2846 4224
1038 130 1275 179 LIBER
1307 130 1617 182 PRIMUS.
2468 149 2504 202 6
2513 162 2543 219 5

22 292 47 378 Ji
111 292 192 354 in·
224 313 369 353 casu
421 292 603 374 hujus
653 289 970 363 corollarii,
1015 291 1086 351 fit
1130 293 1531 358 DS÷DH
1563 293 1644 353 ad
1688 295 1862 354 DH
1896 309 1964 355 ut
2006 317 2046 372 4
2075 299 2224 359 DS
2257 302 2335 360 ad
2372 304 2450 373 L,
2484 305 2543 364 &

0 388 11 411 '
109 389 355 451 divisim
384 389 632 450 DSad
661 389 1311 465 DHut4DS-L
1345 389 1425 449 ad
1468 389 1548 450 L.
2087 479 2092 484 .

0 518 15 527 .
225 488 421 548 Corol.
474 507 527 548 2.
581 486 773 548 Unde
802 486 853 546 si
884 486 1067 545 datur
1088 486 1360 565 corporis
1389 484 1685 546 velocitas
1731 488 1792 546 in
1837 489 2067 550 vertice
2111 492 2426 572 principali
2456 498 2541 566 D,

0 566 16 573 Ὗ
108 585 455 645 invenietur
510 585 710 646 orbita
765 583 1071 666 expedite,
1125 583 1428 662 capiendo
1485 582 1716 644 scilicet
1766 583 1926 663 latus
1978 600 2212 647 rectum
2270 591 2402 670 ejus
2460 594 2539 652 ad

104 680 357 762 duplam
408 682 763 742 distantiam
812 681 972 751 DS,
1011 681 1073 740 in
1125 680 1438 759 duplicata
1481 682 1718 742 ratione
1763 681 2106 743 velocitatis
2150 685 2333 766 hujus
2377 688 2539 749 datae

102 778 183 839 ad
234 777 623 840 velocitatem
674 777 946 857 corporis
998 777 1059 837 in
1107 776 1331 839 circulo
1374 778 1455 838 ad
1499 779 1856 839 distantiam
1900 781 2044 839 DS
2081 784 2358 862 gyrantis
2407 783 2542 865 (per

103 873 281 938 corol.
318 895 372 952 3.
404 896 577 955 prop.
613 894 733 936 XVI.
756 873 795 956 ;)
829 874 973 953 dein
1003 876 1168 935 ΒΗ
1187 875 1267 935 ad
1297 877 1443 936 DS
1467 890 1536 936 ut
1564 875 1724 936 latus
1756 890 1989 938 rectum
2019 879 2099 938 ad
2130 880 2537 943 differentiam

107 972 266 1032 inter
292 970 452 1032 latus
482 984 717 1033 rectum
750 971 811 1032 &
840 992 880 1048 4
909 973 980 1032 D
999 973 1062 1033 S.

214 1069 407 1131 Corol.
457 1089 507 1147 3.
562 1069 731 1129 Hinc
774 1070 960 1130 etiam
1011 1070 1063 1129 si
1108 1091 1330 1150 corpus
1375 1084 1699 1132 moveatur
1742 1073 1802 1132 in
1847 1073 2119 1134 sectione
2170 1096 2537 1157 quacunque

98 1168 323 1238 conica,
386 1166 446 1228 8c
503 1189 582 1228 ex
639 1168 789 1228 orbe
847 1189 960 1229 suo
1019 1167 1285 1247 impulsu
1345 1190 1716 1249 quocunque
1774 1171 2170 1244 exturbetur;
2245 1176 2533 1254 cognosci

98 1279 304 1348 potest
332 1267 514 1339 orbiS,
547 1266 607 1326 in
640 1288 765 1346 quo
794 1279 1013 1346 postea
1042 1289 1287 1327 cursum
1317 1290 1498 1327 suum
1529 1281 1799 1349 peraget.
1896 1268 2064 1327 Nam
2108 1272 2539 1349 componendo

22 1433 26 1436 ,
100 1365 414 1445 proprium
473 1366 745 1444 corporis
804 1378 1041 1426 motum
1100 1388 1239 1426 cum
1312 1379 1484 1427 motu
1559 1364 1676 1437 illo,
1739 1386 1925 1445 quern
1999 1365 2297 1445 impulsus
2369 1368 2536 1430 solus

97 1475 437 1544 generaret,
491 1462 818 1523 habebitur
867 1477 1073 1524 motus
1125 1486 1392 1544 quocum
1444 1485 1666 1543 corpus
1717 1463 1797 1523 de
1841 1463 1990 1524 dato
2035 1464 2333 1544 impulsus
2384 1466 2534 1541 Ιοοο,

106 1560 446 1621 secundum
477 1573 708 1621 rectam
739 1561 1045 1640 positione
1076 1562 1302 1633 datam,
1335 1563 1540 1624 exibit.

213 1657 408 1717 Corol.
443 1678 496 1734 4.
534 1658 622 1718 Et
651 1658 701 1718 si
733 1680 955 1738 corpus
987 1657 1135 1719 illud
1166 1660 1228 1720 vi
1260 1659 1466 1740 aliqua
1495 1659 1875 1720 extrinsecus
1915 1658 2215 1737 impressa
2245 1662 2536 1723 continuo

55 1791 57 1793 ·
100 1756 505 1835 perturbetur,
549 1757 892 1817 innotescet
934 1778 1147 1817 cursus
1199 1779 1386 1838 quam
1431 1757 1727 1837 proxime,
1774 1754 2122 1836 colligendo
2166 1759 2537 1819 mutationes

102 1874 256 1934 quas
314 1854 410 1914 vis
464 1852 564 1914 illa
623 1854 683 1913 in
744 1855 989 1933 punctis
1048 1856 1420 1934 quibusdam
1480 1855 1727 1926 inducit,
1776 1854 1836 1915 &
1894 1877 1973 1915 ex
2031 1855 2208 1916 seriei
2253 1855 2537 1940 analogia

99 1951 471 2012 mutationes
501 1951 824 2012 continuas
856 1953 916 2012 in
947 1951 1095 2013 locis
1128 1954 1507 2015 intermediis
1537 1952 1917 2015 aestimandO.

1150 2188 1475 2249 Scholium.

208 2348 279 2408 Si
324 2370 546 2428 corpus
596 2350 661 2409 P
710 2350 773 2410 vi
818 2351 1159 2430 centripeta
1202 2353 1282 2412 ad

95 2458 391 2526 punctum
457 2448 872 2527 quodcunque
944 2448 1159 2509 datum
1217 2451 1284 2509 R

94 2544 389 2606 tendente
454 2559 779 2608 moveatur
830 2547 891 2605 in
950 2548 1284 2626 perimetro

94 2643 257 2705 datae
315 2646 739 2726 cujuscunque
783 2646 1072 2707 sectionis
1117 2647 1280 2706 coni-

94 2762 198 2814 cae,
230 2743 401 2824 cujus
432 2756 710 2804 centrum
741 2744 822 2804 sit
857 2744 914 2804 C
925 2769 949 2815 ‚·
991 2744 1050 2804 81
1081 2745 1280 2824 requi-

94 2851 260 2900 ratur
293 2838 394 2901 lex
437 2841 533 2901 vis
578 2843 935 2922 centripetae
969 2866 980 2904 :
1026 2842 1286 2902 ducatur

98 2935 155 3014 C
171 2937 231 2998 G
272 2939 446 3000 radio
488 2939 636 2999 RP
671 2940 977 3020 parallela,
1014 2941 1074 3002 &
1118 2941 1284 3002 orbis

96 3037 373 3117 tangenti
416 3037 563 3098 PG
604 3059 931 3099 occurrens
977 3039 1038 3098 in
1085 3039 1184 3109 G‚·
1226 3037 1285 3098 8c

94 3132 190 3193 vis
220 3131 321 3194 illa
354 3132 491 3216 (per
518 3134 700 3198 corol.
737 3157 784 3198 1.
814 3136 874 3197 &
896 3134 1082 3199 schol.
1108 3158 1280 3217 prop.

93 3301 151 3346 x·
184 3284 245 3346 ἃ
272 3285 450 3351 corol,
486 3308 539 3366 3,
573 3310 744 3368 prop.
776 3288 906 3372 vn.)
941 3289 1058 3350 erit
1093 3300 1162 3349 ut
1191 3229 1541 3414 [5ssqu
