2852 4250
222 98 349 159 350
1045 86 1162 136 DE
1196 86 1318 139 Mo
1325 87 1436 140 TU
1467 86 1775 142 coRPOR
1785 87 1909 141 UM

212 250 450 331 proprii
512 271 641 332 quo
699 250 1089 314 descendere
1148 253 1452 316 deberet:
1518 253 1581 316 &
1627 276 1746 336 pro
1795 255 2037 340 majore
2084 255 2189 322 vel
2238 258 2484 326 minore
2535 265 2718 330 oscil-
2770 285 2799 306 '³

211 347 463 424 latione,
526 351 730 434 magis
790 350 893 413 vel
954 352 1162 414 minus
1223 352 1593 415 retardatur.
1734 354 2104 435 Quinetiam
2173 359 2406 443 globus
2479 367 2721 431 recedit

212 469 469 530 semper
497 472 536 511 a
566 448 762 512 latere
793 473 910 514 suo
958 453 1131 533 quod
1178 475 1293 534 per
1336 452 1797 516 oscillationem
1843 456 2193 534 descendit,
2246 460 2309 523 81
2357 465 2719 531 recedendo

211 550 683 632 appropinquat
740 548 1044 613 lateribus
1103 552 1274 613 vasis
1351 552 1413 614 &
1488 553 1550 614 in
1618 552 1819 617 latera
1892 578 2351 642 nonnunquam
2427 563 2719 650 impingi·
2804 620 2814 634 .,

210 661 327 711 tur.
469 650 559 711 Et
632 650 769 712 haec
827 649 1135 714 oscillatio
1195 653 1259 714 in
1317 651 1527 735 globis
1585 655 1986 745 gravioribus
2059 658 2282 723 fortior
2338 673 2452 736 est,
2516 663 2579 725 8z
2652 664 2717 727 in

209 749 553 831 majoribus
589 771 822 831 aquam
871 752 1076 834 magis
1124 751 1340 834 agitat.
1437 751 1863 836 Quapropter,
1897 770 1969 819 ut
2019 758 2328 824 oscillatio
2375 761 2715 846 globorum
2774 774 2816 790 ·’

209 848 416 910 minor
489 849 877 923 redderetur,
943 849 1172 934 globos
1257 873 1461 915 novos
1536 876 1619 916 ex
1693 876 1837 918 cera
1898 857 1960 920 &
2033 858 2298 941 plumbo
2372 865 2713 940 construxi,

207 947 532 1031 infigendo
583 947 915 1029 plumbum
969 950 1032 1011 in
1086 948 1251 1012 latus
1299 951 1560 1034 aliquod
1607 952 1783 1037 globi
1833 978 2034 1039 prope
2082 960 2486 1041 superficiem
2539 965 2714 1048 ejus3

206 1048 268 1109 &
325 1047 588 1131 globum
650 1047 762 1111 ita'
796 1050 1040 1124 demisi,
1096 1065 1167 1113 ut
1226 1050 1392 1115 latus
1451 1055 1729 1137 graviuS,
1786 1059 2000 1138 quoad
2061 1059 2195 1124 fieri
2257 1063 2480 1144 potuit,
2543 1078 2716 1128 esset

194 1147 482 1208 infimum
542 1149 623 1209 ab
684 1149 862 1212 initio
921 1152 1283 1215 descensus,
1410 1154 1518 1216 Sic
1578 1154 2002 1221 oscillationes
2049 1159 2234 1223 factae
2295 1175 2445 1224 sunt
2507 1163 2709 1228 multo

198 1248 474 1310 minores
506 1270 698 1330 quam
718 1251 907 1331 priuS,
937 1252 998 1314 ἃ
1021 1253 1196 1335 globi
1223 1256 1615 1336 temporibus
1647 1258 1856 1320 minus
1882 1259 2300 1343 inaequalibus
2331 1264 2709 1341 ceciderunt,

197 1361 268 1409 ut
299 1349 362 1410 in
395 1351 846 1430 experimentis
878 1354 1310 1434 sequentibus,

312 1451 545 1531 Exper.
584 1454 637 1513 8.
693 1451 886 1514 Globi
919 1468 1206 1535 quatuor,
1241 1457 1528 1537 pondere
1572 1481 1920 1541 granorum
1977 1481 2094 1540 139
2146 1462 2209 1524 in
2259 1486 2406 1527 aere
2439 1464 2501 1527 &
2538 1466 2608 1533 δὲ
2646 1467 2760 1528 ἱη·’

193 1572 376 1633 aqua,
432 1574 606 1636 saepe
658 1554 934 1626 demissi,
991 1556 1357 1620 ceciderunt
1405 1560 1802 1641 temporibus
1856 1560 2324 1626 oscillationum
2378 1587 2506 1628 non
2568 1565 2706 1649 plu-

194 1654 357 1714 rium
390 1675 582 1734 quam
619 1672 715 1733 52,
750 1676 877 1716 non
926 1657 1295 1736 pauciorum
1344 1681 1537 1741 quam
1593 1679 1688 1739 50,
1745 1662 1807 1724 ἃ
1856 1664 2136 1725 maxima
2186 1686 2268 1726 ex
2320 1679 2502 1747 parte
2546 1680 2705 1730 tem-

195 1775 351 1834 pore
403 1752 867 1817 oscillationum
932 1774 1002 1834 51
1073 1758 1333 1833 circiter,
1397 1761 1834 1825 describentes
1894 1763 2298 1829 altitudinem
2358 1767 2706 1851 digitorum

203 1855 338 1915 182.

285 1953 407 2014 Per
466 1952 776 2015 theoriam
838 1956 1067 2018 cadere
1127 1957 1487 2021 debuerunt
1540 1973 1829 2043 tempore
1881 1963 2344 2029 oscillationum
2402 1986 2476 2047 52
2531 1970 2701 2032 circi-

190 2064 301 2115 ter.
376 2054 381 2057 ’

302 2154 538 2235 Exper.
577 2175 631 2231 9.
686 2153 879 2217 Globi
955 2169 1241 2237 quatuor,
1305 2161 1591 2241 pondere
1665 2185 2039 2246 granorum.
2073 2177 2234 2248 273}
2293 2170 2356 2232 in
2417 2192 2564 2233 aere
2639 2171 2701 2234 &

197 2261 351 2330 1405}
399 2253 462 2314 in
516 2276 697 2335 aqua,
732 2256 966 2336 saepius
1021 2257 1298 2332 demissi,
1355 2262 1720 2325 ceciderunt
1780 2268 2175 2348 temporibus
2236 2268 2715 2354 oscillationum>

187 2375 314 2415 non
390 2356 758 2435 pauciorum
835 2379 1028 2438 quam
1115 2381 1205 2431 12,
1285 2382 1412 2423 non
1488 2361 1764 2443 plurium
1835 2389 2029 2448 quam
2101 2391 2191 2449 13,
2264 2371 2699 2435 describentes
2805 2418 2813 2477 3

185 2454 586 2518 altitudinem
618 2457 964 2540 digitorum
1007 2463 1140 2522 182.

304 2555 426 2617 Per
455 2557 765 2619 theoriam
797 2581 952 2621 vero
983 2559 1046 2620 hi
1078 2558 1253 2643 globi
1278 2562 1505 2625 cadere
1537 2564 1896 2628 debuerunt
1915 2579 2204 2649 tempore
2235 2569 2696 2636 oscillationum
2805 2591 2816 2664 ’ᾗ

194 2675 216 2714 1
238 2663 304 2729 1}
335 2657 834 2738 quamproxime.

297 2756 533 2837 Exper.
579 2778 666 2820 10.
720 2756 913 2820 Globi
976 2774 1266 2841 quatuor,
1330 2764 1618 2844 pondere
1676 2788 2021 2849 granorum
2087 2772 2212 2849 384
2284 2771 2347 2833 in
2423 2795 2570 2836 aere
2632 2774 2694 2836 &

192 2865 346 2934 119}
377 2858 439 2917 in
489 2880 670 2939 aqua,
705 2881 878 2940 saepe
927 2861 1206 2934 demissi,
1238 2863 1555 2926 cadebant
1600 2868 1994 2948 temporibus
2044 2869 2506 2934 oscillationum
2566 2881 2691 2953 172³„
2772 2885 2778 2890 '

192 2958 283 3028 18,
351 2960 461 3030 18}
514 2957 575 3018 ἃ
638 2980 730 3035 19,
787 2960 1222 3024 describentes
1275 2963 1675 3028 altitudinem
1730 2968 2076 3051 digitorum
2149 2974 2317 3046 1812}
2446 2973 2537 3035 Et
2583 2973 2692 3037 ubi

180 3056 544 3118 ceciderunt
591 3070 879 3139 tempore
924 3062 1388 3126 oscillationum
1445 3088 1535 3144 19,
1571 3089 2031 3151 nonnunquam
2078 3072 2294 3134 audivi
2349 3073 2690 3156 impulsum

180 3177 404 3218 eorum
437 3158 499 3217 in
531 3156 731 3219 latera
761 3162 931 3222 vasis
957 3176 1302 3245 antequam
1335 3166 1417 3227 ad
1449 3167 1719 3229 fundum
1752 3186 2200 3250 pervenerunt.

298 3256 421 3318 Per
472 3257 781 3319 theoriam
813 3282 968 3323 vero
1021 3264 1249 3326 cadere
1302 3266 1662 3330 debuerunt
1711 3282 2000 3351 tempore
2048 3271 2516 3337 oscillationum
2575 3292 2687 3360 151¹}

179 3357 680 3437 quamproxime.

292 3457 527 3537 Exper.
571 3478 661 3519 11.
715 3456 907 3520 Globi
958 3473 1086 3522 tres
1133 3463 1428 3545 aequales,
1479 3469 1767 3548 pondere
1813 3493 2159 3554 granorum
2208 3475 2291 3551 48
2335 3473 2399 3535 in
2430 3496 2579 3538 aere
2622 3475 2684 3539 &

179 3573 288 3641 3335
319 3557 382 3618 in
419 3579 600 3639 aqua,
635 3580 809 3639 saepe
857 3560 1134 3635 demissi,
1183 3565 1547 3629 ceciderunt
1594 3572 1989 3652 temporibus
2037 3571 2502 3637 oscillationum
2545 3593 2680 3661 4331„

175 3677 278 3735 44,
313 3674 448 3741 443,
482 3677 561 3737 45
601 3658 663 3720 &
694 3664 796 3737 46,
832 3660 894 3721 ἃ
926 3662 1204 3724 maxima
1251 3686 1331 3726 ex
1384 3681 1566 3747 parte
1618 3691 1703 3749 44
1757 3671 1819 3734 &
1868 3691 1968 3753 45,
2003 3673 2437 3739 describentes
2468 3675 2679 3739 altitu-

172 3757 389 3822 dinem
421 3759 766 3843 digitorum
808 3763 963 3835 182}
993 3766 1491 3846 quamproxime.

2534 0 2541 7 ’
2571 0 2621 24 41⁷1

2607 36 2614 45 ι
2658 0 2709 52 ’.ΓΙ
2719 0 2783 91 ἱ

2719 69 2740 94 eL
2757 93 2780 118 u

2837 3078 2852 3300 l

2840 3303 2852 3578 ἱ

2848 3822 2852 3917 !
