2846 4224
172 129 243 187 18
347 181 350 184 ,
707 142 709 146 ,
759 191 763 195 ὓ
1090 95 1522 176 AXJOMATA,
1561 112 1743 164 SIVE

162 292 265 358 vel
297 314 441 356 cum
471 312 598 352 una
629 300 808 372 parte
839 284 1282 370 progredietur
1325 281 1573 344 amissis
1619 278 1904 362 partibus
1951 297 2202 350 novem,
2249 272 2353 338 vel
2394 275 2683 359 quiescet

163 395 400 459 amisso
453 404 629 453 motu
682 410 798 450 suo
858 385 1264 470 progressivo
1316 382 1590 466 partium
1649 380 1889 452 decem,
1944 374 2048 439 vel
2109 397 2254 438 curn
2313 397 2442 438 una
2498 389 2683 459 parte

165 494 562 580 regredietur
610 490 846 552 amisso
899 501 1075 550 motu
1128 508 1246 548 suo
1302 484 1363 546 &
1419 482 1515 567 (ut
1562 483 1651 544 ita
1697 477 1929 563 dicam)
1983 498 2112 539 una
2162 487 2343 559 parte
2390 473 2682 558 amplius,

165 597 269 661 vel
319 593 712 679 regredietur
758 612 902 652 cum
951 588 1236 670 partibus
1285 585 1532 647 duabus
1582 582 1666 645 ob
1711 582 2066 643 detractum
2112 590 2357 640 motum
2389 598 2682 660 progres-

167 701 377 763 sivum
408 695 681 779 partium
713 690 1066 754 duodecim.
1191 687 1414 768 Atque
1446 686 1533 746 ita
1569 704 1837 745 summae
1868 694 2156 744 motuum
2187 678 2685 761 conspirantium

178 815 324 880 154-
352 821 374 860 1
414 795 517 860 vel
559 800 778 865 16÷0,
814 791 875 854 ἃ
906 788 1279 851 differentiae
1317 785 1771 849 contrariorum
1828 800 1978 861 17—
2002 803 2022 843 1
2080 780 2143 843 &
2197 782 2396 842 18-2
2433 801 2690 861 semper

170 913 356 964 erunt
402 897 675 980 partium
724 891 1063 963 sexdecim,
1107 902 1178 951 ut
1225 901 1374 950 ante
1423 906 1798 948 concursum
1849 883 1911 945 &
1963 856 2391 944 reflexionem.
2516 880 2686 964 Cog-

171 1001 318 1064 nitis
378 1012 591 1060 autem
645 995 921 1057 motibus
975 990 1351 1073 quibuscum
1405 1008 1671 1068 corpora
1728 996 1877 1066 post
1936 982 2346 1045 reflexionem
2399 994 2688 1065 pergent,

172 1100 530 1164 invenietur
588 1097 895 1179 cujusque
954 1090 1274 1162 velocitaS,
1336 1087 1638 1170 ponendo
1707 1107 1849 1148 eam
1925 1106 2068 1147 esse
2127 1083 2210 1145 ad
2284 1080 2690 1146 velocitatem

173 1216 321 1265 ante
353 1199 778 1269 reflexionem,
806 1209 876 1257 ut
907 1207 1116 1257 motus
1149 1203 1295 1274 post
1314 1203 1412 1252 est
1441 1188 1524 1250 ad
1556 1200 1800 1250 motum
1825 1198 1990 1248 ante.
2066 1184 2164 1247 Ut
2188 1184 2251 1246 in
2275 1206 2424 1246 casu
2449 1182 2691 1258 ultim0‚
2751 1232 2754 1233 ν

173 1302 281 1364 ubi
313 1299 593 1381 corporis
624 1298 693 1359 A
731 1310 942 1359 motus
991 1306 1127 1356 erat
1175 1291 1448 1374 partium
1497 1311 1612 1351 sex
1659 1301 1809 1350 ante
1859 1286 2268 1349 reflexionem
2318 1285 2382 1347 &
2416 1285 2694 1367 partium

174 1401 528 1466 octodecim
581 1411 821 1512 postea,
879 1396 941 1458 ἃ
999 1392 1304 1456 velocitas
1365 1390 1639 1473 partium
1699 1389 1969 1450 duarum
2029 1399 2179 1448 ante
2239 1385 2693 1461 reflexionem;
2732 1426 2760 1449 ,υ

176 1503 536 1566 invenietur
593 1501 729 1583 ejus
789 1496 1092 1560 velocitas
1166 1493 1441 1576 partium
1516 1513 1631 1553 sex
1704 1502 1854 1572 post
1912 1487 2340 1560 reflexionem,
2402 1486 2694 1562 dicendO,

174 1618 246 1667 ut
298 1617 508 1666 motus
561 1613 774 1683 partes
828 1621 942 1661 sex
994 1609 1143 1659 ante
1204 1595 1614 1658 reflexionem
1667 1592 1750 1655 ad
1804 1604 2015 1654 motus
2067 1602 2282 1672 partes
2341 1587 2697 1651 octodecim

177 1719 417 1788 postea,
481 1704 568 1765 ita
626 1700 979 1764 velocitatis
1039 1711 1252 1781 partes
1312 1696 1458 1758 duae
1518 1707 1668 1757 ante
1728 1693 2140 1756 reflexionem
2199 1691 2284 1753 ad
2342 1689 2699 1754 velocitatis

177 1820 391 1898 partes
423 1827 537 1867 sex
568 1816 807 1917 postea.

298 1906 492 1986 Quod
542 1905 594 1966 si
645 1924 910 1984 corpora
957 1898 1060 1962 vel
1094 1921 1221 1962 non
1253 1898 1563 1979 sphaerica
1592 1894 1695 1958 vel
1728 1895 2047 1958 diversis
2032 1917 2094 1956 1n
2141 1895 2328 1957 rectis
2374 1894 2702 1958 moventia

182 2007 463 2070 incidant
523 2006 585 2066 in
646 2026 717 2065 se
777 2014 998 2064 mutuo
1058 1998 1331 2081 oblique,
1389 1997 1451 2059 &
1510 1997 1913 2079 requirantur
1969 2019 2191 2059 eorum
2266 2010 2477 2059 motus
2554 2009 2704 2079 post

181 2098 630 2179 reflexionem;
692 2101 1173 2187 cognoscendus
1233 2112 1332 2161 est
1391 2099 1549 2160 situs
1608 2096 1780 2180 plani
1842 2120 1881 2159 a
1940 2120 2070 2179 quo
2129 2119 2396 2179 corpora
2441 2119 2702 2160 concur-

181 2209 385 2271 rentia
414 2218 762 2289 tanguntur
793 2205 855 2265 in
902 2214 1140 2284 puncto
1186 2221 1529 2262 concursus
1563 2222 1575 2262 :
1622 2198 1772 2260 dein
1814 2198 2096 2280 corporis
2127 2199 2459 2281 utriusque
2490 2212 2704 2262 motus

184 2308 324 2393 (per
378 2306 584 2370 Corol.
649 2304 769 2388 11.)
820 2301 1309 2386 distinguendus
1356 2313 1455 2363 est
1500 2301 1563 2361 in
1634 2300 1813 2373 duOS,
1869 2323 2066 2362 unum
2120 2300 2266 2362 huic
2317 2299 2511 2383 plano
2562 2323 2704 2384 per-

181 2406 671 2491 pendicularem,
727 2403 994 2467 alterum
1055 2403 1265 2466 eidem
1326 2399 1696 2484 parallelum
1738 2411 1790 2465 z'
1842 2416 2053 2465 motus
2114 2416 2329 2465 autem
2405 2401 2705 2486 paralleli,

182 2522 520 2592 propterea
565 2507 738 2589 quod
785 2528 1051 2588 corpora
1097 2517 1294 2588 agant
1342 2505 1404 2565 in
1454 2526 1525 2566 se
1574 2503 1847 2565 invicem
1893 2504 2245 2566 secundum
2291 2502 2524 2566 lineam
2562 2504 2710 2568 huic

185 2610 377 2692 plano
426 2606 1031 2691 perpendicularem,
1065 2605 1378 2669 retinendi
1427 2616 1578 2667 sunt
1625 2604 1818 2666 iidem
1867 2617 2014 2686 post
2062 2604 2473 2667 reflexionem
2514 2619 2711 2689 atque

184 2724 411 2784 antea;
489 2710 551 2772 ἃ
603 2709 879 2771 motibus
932 2705 1559 2789 perpendicularibus
1611 2706 1995 2768 mutationes
2048 2705 2327 2789 aequales
2382 2707 2445 2769 in
2498 2722 2714 2791 partes

188 2811 532 2874 contrarias
565 2809 920 2872 tribuendae
951 2822 1102 2870 sunt
1140 2808 1245 2881 sic,
1280 2820 1351 2869 ut
1394 2829 1646 2869 summa
1693 2808 2191 2890 conspirantium
2242 2809 2304 2871 &
2352 2810 2711 2873 differentia

189 2914 643 2976 contrariorum
676 2923 932 2972 maneat
962 2909 1189 2972 eadem
1222 2930 1366 2990 quae
1398 2908 1588 2989 prius,
1715 2908 1822 2970 Ex
1863 2909 2226 2993 hujusmodi
2259 2912 2710 2976 reflexionibus

189 3015 336 3077 oriri
390 3014 583 3077 etiam
635 3011 844 3076 solent
895 3024 1106 3074 motus
1160 3007 1492 3072 circulares
1544 3031 1881 3092 corporum
1934 3011 2099 3074 circa
2157 3026 2375 3075 centra
2432 3013 2705 3096 propria.

191 3115 325 3178 Sed
374 3115 492 3179 hos
541 3136 727 3177 casus
777 3114 839 3175 in
888 3111 1301 3195 sequentibus
1343 3132 1471 3174 non
1509 3111 1859 3186 considero,
1904 3111 1966 3176 &
2007 3113 2195 3176 nimis
2235 3113 2499 3199 longum
2541 3129 2714 3179 esset

191 3217 406 3279 omnia
435 3217 559 3279 huc
589 3215 943 3299 spectantia
973 3214 1427 3277 demonstrare.
