2852 4250
2414 0 2422 9 ι
2527 0 2531 5 v
2633 0 2643 17 '.
2652 6 2662 16 ,

2616 24 2645 40 ,,
2671 0 2741 78 Ἥ

2727 133 2742 149 ‚3

181 119 305 185 452
960 108 1077 159 DE
1109 107 1401 182 MUNDJ
1423 95 1785 160 SYSTEMA
1794 106 1896 159 ΤΕ

300 227 790 338 “Describatur
821 276 991 340 enim
1044 261 1311 338 circulus
1360 274 1451 336 N
1462 273 1547 336 K
1559 273 1727 336 nM
1768 264 1989 337 centro
2051 224 2119 336 T
2156 272 2223 337 &
2273 273 2455 339 radio
2514 268 2690 355 ΤΚ)

183 374 599 457 “eodemque
645 387 864 439 centro
917 376 979 438 &
1031 374 1418 438 semiaxibus
1476 373 1543 434 T
1550 373 1643 436 H
1678 372 1742 435 &
1795 373 1963 435 TN
2014 373 2410 438 describatur
2450 373 2695 459 ellipsis
2773 446 2775 449 ,

183 480 218 508 “
240 475 330 536 N
346 476 435 537 H
448 498 493 537 n
515 476 600 553 L,
635 475 697 538 &
742 476 806 538 in
851 489 1140 558 ternpore
1171 496 1300 556 quo
1331 471 1425 536 sol
1470 495 1510 534 a
1540 473 1713 535 nodo
1742 473 1982 536 recedit
2022 481 2142 557 pe'r
2183 498 2400 539 arcum
2443 477 2604 552 Na,
2635 476 2692 540 si
2718 467 2731 476 ’
2768 555 2772 558 ⁴

183 585 215 610 “
240 576 509 638 ducatur
537 589 708 639 recta
760 577 827 637 T
838 577 872 638 b
889 598 945 650 a,
979 598 1127 637 area
1156 574 1420 637 sectoris
1450 574 1539 635 N
1567 574 1684 635 Ta
1729 587 2011 655 exponet
2053 597 2370 638 summam
2401 589 2691 639 motuum

183 684 216 710 “
236 677 387 738 nodi
421 676 482 738 &
512 675 662 739 solis
695 677 757 737 in
789 676 1019 738 eodem
1050 688 1355 756 tempore.
1435 674 1537 736 Sit
1567 674 1761 758 igitur
1788 696 1971 738 arcus
2001 698 2043 738 a
2066 677 2137 739 A
2173 699 2368 759 quam
2392 677 2694 740 minimus

184 784 217 811 “
241 798 433 858 quem
479 788 651 837 recta
706 777 773 836 T
784 776 877 837 ba
922 775 1188 857 praefata
1222 773 1367 858 lege
1399 772 1739 836 revolvens
1771 775 1834 836 in
1866 775 2020 839 data
2050 779 2356 860 temporis
2387 775 2695 860 particula

181 881 220 908 “
242 874 638 936 uniformiter
666 875 981 949 describit,
1017 874 1079 936 &
1124 887 1333 937 sector
1362 895 1556 956 quam
1587 875 1886 938 minimus
1930 877 2054 938 TA
2083 900 2124 939 a
2172 877 2293 940 erit
2326 891 2399 940 ut
2441 899 2696 940 summa

184 980 218 1008 “
242 973 650 1037 velocitatum
681 997 810 1058 qua
839 974 933 1038 sol
967 975 1029 1037 &
1060 976 1267 1038 nodus
1304 988 1442 1038 tum
1477 976 1786 1058 temporis
1826 977 2093 1040 seorsim
2123 977 2426 1041 feruntur.
2521 976 2692 1041 Solis

183 1082 453 1138 “autem
498 1073 802 1138 velocitas
847 1075 980 1139 fere
1025 1076 1357 1140 uniformis
1402 1088 1515 1152 est,
1563 1089 1788 1159 utpote
1833 1078 2011 1162 cujus
2057 1101 2257 1162 parva
2296 1076 2699 1162 inaequalitas
2790 1116 2791 1119 =

181 2891 348 2952 “vix
407 2891 599 2955 ullam
653 2895 894 2958 inducit
953 2895 1017 2958 in
1079 2897 1293 2960 medio
1354 2896 1669 2959 nodorum
1730 2908 1908 2960 motu
1969 2894 2362 2959 varietatem.
2462 2892 2691 2958 Altera

180 2999 383 3073 “pars
444 2994 630 3078 hujus
690 3019 975 3071 summae,
1024 3020 1257 3081 nempe
1310 2997 1614 3062 velocitas
1675 2998 1827 3062 nodi
1873 2999 1936 3060 in
1983 2997 2284 3061 mediocri
2330 3017 2447 3059 sua
2491 3018 2688 3079 quan-

180 3100 212 3125 “
239 3093 436 3167 titate,
492 3110 762 3179 augetur
822 3099 884 3159 in
961 3121 1214 3161 recessu
1275 3121 1314 3160 a
1373 3099 1651 3183 syzygiis
1706 3100 1770 3161 in
1823 3098 2149 3181 duplicata
2207 3097 2453 3159 ratione
2512 3096 2690 3158 sinus

180 3194 557 3259 “distantiae
605 3199 741 3280 ejus
795 3222 834 3260 a
892 3198 1026 3262 sole
1092 3223 1208 3282 per
1269 3200 1478 3264 Corol.
1541 3202 1726 3283 Prop.
1796 3221 1867 3281 31
1941 3200 2081 3262 Lib.
2150 3197 2234 3279 3,tii
2296 3197 2562 3280 Princip.
2627 3197 2691 3260 8τ,

180 3298 383 3356 “cum
437 3298 716 3359 maxima
761 3313 859 3361 est
904 3300 967 3361 in
1015 3301 1417 3382 quadraturis
1462 3300 1546 3363 ad
1586 3299 1787 3364 solem
1834 3301 1898 3363 in
1938 3301 2029 3374 K,
2063 3298 2336 3362 eandem
2377 3297 2690 3361 rationem
2779 3286 2782 3300 ἶ

181 3395 488 3458 “obtinet
531 3397 614 3458 ad
660 3397 811 3460 solis
863 3399 1267 3462 velocitatem
1313 3423 1387 3463 ac
1433 3422 1511 3463 ea
1562 3422 1756 3483 quam
1810 3399 2005 3463 habet
2057 3400 2115 3462 S
2131 3398 2216 3462 K
2251 3398 2336 3461 ad
2393 3398 2459 3460 T
2473 3398 2531 3459 S
2570 3397 2693 3460 hoc
2784 3459 2786 3467 ,

176 3499 335 3556 “est
378 3509 450 3558 ut
502 3496 883 3580 (differentia
924 3501 1378 3581 quadratorum
1424 3525 1506 3564 ex
1559 3502 1625 3564 T
1636 3503 1718 3564 K
1753 3502 1816 3564 8ε
1867 3501 2035 3565 ΤΗ
2076 3499 2206 3584 vel)
2252 3496 2690 3582 rectangulum
2728 3525 2732 3528 ·
2784 3532 2787 3533 ν

180 3596 325 3656 “K
338 3596 430 3657 H
440 3596 539 3657 M
571 3598 655 3659 ad
713 3598 779 3659 T
790 3599 880 3659 H
915 3601 1312 3680 quadratum.
1408 3603 1543 3665 Sed
1590 3601 1829 3685 ellipsis
1879 3602 1969 3664 N
1979 3602 2160 3664 BH
2201 3600 2434 3663 dividit
2483 3610 2685 3662 secto-
2784 3622 2789 3628 ·

181 3703 373 3758 “rem
431 3698 504 3759 A
541 3697 607 3759 T
617 3721 659 3759 a
718 3720 987 3761 summae
1047 3699 1272 3762 harum
1332 3702 1602 3764 duarum
1661 3701 2074 3766 velocitatum
2133 3712 2565 3784 exponentem
2625 3698 2689 3760 in
2752 3740 2755 3747 »

179 3804 212 3843 -“
237 3796 398 3860 duas
456 3811 673 3881 partes
730 3801 801 3861 A
829 3801 896 3862 B
919 3801 1018 3862 ba
1078 3800 1141 3863 &
1199 3802 1266 3862 B
1301 3802 1413 3864 Tb
1473 3803 1626 3884 ipsis
1673 3802 2119 3866 velocitatibus
2161 3797 2684 3885 proportionales,
2778 3788 2784 3795 ’

179 3905 211 3930 “
241 3898 637 3962 Producatur
692 3900 863 3963 enim
910 3901 979 3962 B
1013 3901 1078 3963 T
1111 3901 1194 3963 ad
1243 3900 1546 3965 circulum
1597 3904 1661 3965 in
1706 3905 1768 3978 β,
1805 3903 1867 3966 Sc
1918 3923 1959 3967 a
2001 3916 2241 3987 puncto
2285 3892 2688 3966 B·demitta-
2774 3922 2781 3961 ·.
