2846 4224
1039 145 1279 193 LIBER
1313 146 1621 196 PRIMUS.
2471 181 2503 236 3
2515 180 2544 236 5

225 305 359 367 Cas,
401 324 447 366 1.
497 304 822 390 Sit-arcus
873 303 974 365 ille
1023 305 1092 364 A
1116 306 1196 376 B,
1256 318 1522 387 tangens
1580 310 1714 389 ejus
1764 311 1833 371 A
1858 313 1942 383 D,
1996 315 2291 376 subtensa
2341 320 2549 400 anguli

21 446 30 458 .‚
108 414 426 465 contactus
475 401 557 462 ad
604 413 966 483 tangentem
1016 401 1542 481 perpendicularis
1591 405 1758 477 BD,
1811 409 2107 476 subtensa
2157 434 2334 473 arcus
2376 417 2444 475 A
2468 418 2546 478 B.

0 558 18 574 „
115 499 284 562 Huic
312 499 625 559 subtensae
654 499 723 557 A
745 499 811 558 B
854 498 914 558 &
943 499 1223 580 tangenti
1266 500 1336 560 A
1359 500 1433 559 D
1465 502 2006 580 perpendiculares
2037 509 2352 589 erigantur
2380 512 2447 570 A
2477 513 2550 583 G,

0 595 14 629 ²⁷
105 598 174 658 B
194 597 268 669 G,
299 608 731 657 concurrentes
761 596 823 656 in
860 596 960 667 G,·
1002 596 1148 656 dein
1191 596 1491 658 accedant
1533 613 1764 678 puncta
1790 601 1876 672 D,
1907 603 1986 674 B,
2024 604 2098 676 G,
2130 605 2211 665 ad
2241 619 2470 684 puncta
2497 609 2552 679 d,

109 697 160 772 b,
180 717 248 777 g,
280 695 485 775 sitque
526 696 576 754 I
612 695 964 755 intersectio
1007 693 1307 755 linearum
1350 696 1416 755 B
1438 696 1511 767 G,
1558 698 1628 756 A
1656 698 1717 758 G
1750 697 1968 761 ultimo
2002 700 2164 762 facta
2193 703 2297 763 ubi
2327 717 2557 783 puncta

106 793 277 874 D,B
317 791 620 853 accedunt
661 813 860 872 usque
905 792 986 852 ad
1028 793 1120 853 A.
1245 793 1652 854 Manifestum
1704 809 1800 856 est
1924 836 1962 869 A
2212 814 2261 867 d
2354 832 2400 871 D

109 890 278 972 quod
334 891 628 951 distantia
689 891 750 951 G
765 892 816 950 J
864 891 1066 952 minor
1135 913 1274 952 esse
1332 905 1541 971 potest
1611 915 1799 973 quam

109 989 424 1070 assignata
452 987 707 1068 quaeviS.
803 987 923 1048 Est
966 1001 1174 1049 autem
1224 988 1327 1070 (ex
1359 1002 1578 1050 natura
1608 991 1797 1052 circu-

108 1084 306 1148 lorum
356 1106 470 1165 per
518 1097 748 1165 puncta
789 1086 858 1145 A
882 1086 948 1145 B
971 1085 1045 1157 G,
1092 1086 1161 1145 A
1184 1086 1281 1166 bg
1318 1088 1795 1170 transeuntium)
1884 1092 1919 1128 0

109 1184 265 1245 AB
317 1182 495 1262 quad.
556 1180 798 1262 aequale
853 1182 1263 1254 AGxBD‚
1319 1183 1380 1243 8c
1432 1184 1558 1244 Ab
1614 1185 1795 1264 quad.

71 1279 347 1362 -aequale
391 1281 459 1340 A
469 1299 583 1361 gx
606 1280 707 1340 bd
714 1306 739 1351 ‚·
782 1279 1049 1360 ideoque
1093 1281 1249 1341 ratio
1294 1282 1361 1340 A
1384 1282 1449 1341 B
1490 1283 1668 1362 quad.
1718 1283 1798 1343 ad

24 1411 27 1414 ·
109 1379 218 1439 Ab
244 1378 423 1459 quad.
458 1377 849 1458 componitur
876 1398 956 1438 ex
1000 1378 1339 1439 rationibus
1371 1380 1438 1439 A
1469 1380 1529 1440 G
1558 1380 1638 1440 ad
1668 1380 1737 1440 A
1750 1401 1806 1460 g

27 1533 36 1539 .
111 1476 173 1536 &
198 1476 352 1535 BD
379 1475 459 1536 ad
491 1475 586 1536 bd.
678 1475 809 1535 Sed
840 1475 1134 1555 quoniam
1171 1477 1231 1537 G
1243 1477 1294 1536 l
1329 1478 1560 1537 assumi
1591 1490 1799 1557 potest

108 1573 322 1634 minor'
349 1571 736 1654 longitudine
780 1573 1000 1652 quavis
1045 1573 1375 1654 assignata,
1415 1574 1545 1635 fieri
1590 1588 1800 1654 potest

108 1683 178 1731 ut
220 1671 375 1732 ratio
416 1671 485 1731 A
516 1670 577 1731 G
618 1670 700 1731 ad
742 1671 811 1730 A
823 1692 880 1751 g
920 1671 1124 1731 minus
1175 1671 1422 1733 differat
1471 1694 1509 1733 a
1560 1674 1798 1734 ratione

108 1766 476 1848 aequalitatis
506 1788 694 1848 quam
717 1789 831 1847 pro
854 1768 1201 1829 differentia
1219 1771 1440 1849 quavis
1464 1761 1795 1851 assignata,

109 1865 375 1945 ideoque
404 1878 474 1926 ut
502 1866 658 1926 ratio
687 1866 755 1924 A
778 1866 843 1925 B
883 1866 1062 1945 quad.
1112 1866 1193 1926 ad
1228 1868 1296 1927 A
1314 1868 1347 1926 b
1380 1868 1559 1947 quad.
1593 1869 1798 1928 minus
1886 1852 1905 1900 ζ

107 1963 352 2024 differat
379 1986 417 2024 a
446 1964 683 2024 ratione
711 1965 854 2024 BD
881 1964 961 2024 ad
993 1965 1084 2025 bd
1104 1987 1291 2045 quam
1316 1987 1429 2045 pro
1452 1966 1800 2027 differentia
1880 1957 1922 1996 G

114 2062 335 2142 quavis
379 2062 709 2143 assignata.
805 2062 926 2123 Est
968 2085 1134 2144 erg0‚
1182 2085 1295 2143 per
1336 2063 1566 2125 lemma
1619 2086 1665 2136 1,
1713 2065 1870 2125 ratio
1914 2062 2130 2124 ultima
2171 2064 2239 2123 A
2265 2064 2329 2123 B
2370 2064 2549 2143 quad.

112 2160 194 2221 ad
223 2161 291 2219 A
316 2161 350 2220 b
377 2160 554 2240 quad.
591 2160 812 2220 eadem
843 2182 982 2220 cum
1014 2162 1251 2222 ratione
1282 2160 1498 2222 ultima
1525 2164 1591 2223 B
1607 2163 1678 2222 D
1706 2162 1786 2222 ad
1818 2162 1923 2222 bd.
2018 2162 2090 2236 Q.
2106 2162 2185 2221 E.
2200 2162 2284 2221 D.

229 2259 365 2319 Cas.
418 2279 469 2319 2.
525 2257 860 2319 Inclinetur
900 2258 1033 2339 jam
1083 2260 1236 2318 BD
1285 2259 1365 2319 ad
1409 2261 1477 2320 A
1502 2261 1573 2319 D
1624 2261 1685 2320 in
1733 2259 1963 2342 angulo
2015 2260 2237 2339 quovis
2282 2260 2445 2330 dato,
2494 2259 2555 2319 81

111 2355 333 2417 eadem
363 2377 611 2435 semper
639 2357 755 2417 erit
784 2356 940 2417 ratio
969 2354 1186 2416 ultima
1213 2358 1366 2417 BD
1400 2358 1480 2418 ad
1512 2359 1612 2418 bd
1643 2380 1783 2439 quae
1819 2358 2004 2438 priuS‚
2039 2358 2304 2437 ideoque
2335 2357 2557 2417 eadem

110 2454 572 2535 acABquad.
608 2454 1051 2534 adAbquad.
1147 2455 1413 2529 Q.E.D.
2343 2470 2346 2472 ’

227 2553 359 2614 CaS.
398 2573 457 2631 3.
511 2553 599 2613 Et
656 2553 942 2633 quamvis
1000 2552 1264 2634 angulus
1322 2555 1393 2614 D
1451 2575 1574 2615 non
1634 2554 1829 2626 detur,
1890 2553 2002 2614 sed
2062 2565 2228 2614 recta
2277 2553 2429 2612 BD
2478 2551 2559 2612 ad

111 2650 325 2711 datum
383 2663 682 2730 punctum
740 2663 1094 2732 convergat,
1156 2650 1256 2712 vel
1315 2650 1436 2712 alia
1493 2674 1863 2732 quacunque
1921 2650 2060 2733 lege
2118 2651 2560 2722 constituatur;

111 2761 320 2811 tamen
365 2748 574 2831 anguli
618 2750 702 2821 D,
739 2750 789 2809 d
824 2750 1134 2810 communi
1180 2748 1321 2832 lege
1365 2752 1681 2812 constituti
1726 2752 1806 2811 ad
1851 2749 2269 2831 aequalitatem
2314 2770 2562 2827 semper

112 2861 374 2930 vergent
402 2848 464 2909 &
492 2849 746 2929 propius
789 2848 1089 2909 accedent
1131 2850 1211 2909 ad
1258 2850 1523 2911 invicem
1569 2871 1757 2930 quam
1802 2871 1915 2929 pro
1958 2848 2306 2909 differentia
2341 2847 2562 2927 quavis

112 2945 439 3027 assignata,
493 2947 760 3027 ideoque
810 2945 1028 3009 ultimo
1078 2946 1351 3028 aequales
1398 2961 1593 3020 erunt,
1643 2970 1756 3029 per
1805 2947 1943 3009 lem.
2006 2968 2052 3019 1,
2115 2946 2175 3007 &
2232 2958 2563 3026 propterea

108 3040 287 3105 lineae
316 3045 470 3117 BD,
504 3046 595 3106 bd
612 3059 758 3106 sunt
787 3046 847 3106 in
879 3047 1100 3108 eadem
1132 3049 1369 3109 ratione
1399 3049 1479 3109 ad
1513 3049 1785 3110 invicem
1816 3067 1888 3107 ac
1918 3045 2103 3125 prius,
2199 3043 2272 3118 Q.
2289 3044 2369 3103 E.
2385 3043 2470 3102 D.

229 3141 427 3205 Corol.
471 3165 518 3206 1.
572 3145 766 3206 Unde
816 3166 957 3206 cum
1005 3158 1336 3227 tangentes
1387 3146 1456 3206 A
1480 3147 1564 3218 D,
1618 3146 1767 3217 Ad,
1828 3165 2004 3204 arcus
2063 3143 2132 3202 A
2156 3143 2233 3213 B,
2294 3142 2362 3201 A
2388 3142 2437 3215 b,
2501 3140 2561 3200 &

113 3259 326 3300 eorum
369 3241 540 3302 sinus
582 3243 648 3302 B
671 3243 738 3315 C,
784 3243 866 3304 bc
907 3242 1058 3304 fiant
1100 3242 1318 3305 ultimo
1362 3243 1609 3305 chordis
1652 3244 1720 3304 A
1746 3244 1824 3315 B,
1867 3243 1934 3302 A
1960 3242 1994 3302 b
2029 3239 2337 3321 aequales;
2381 3250 2562 3300 erunt

116 3336 301 3398 etiam
333 3336 574 3400 illorum
603 3341 909 3421 quadrata
937 3340 1157 3404 ultimo
1186 3355 1256 3402 ut
1285 3343 1604 3403 subtensae
1635 3343 1802 3414 BD,
1835 3341 1940 3402 bd.

230 3435 426 3498 Corol.
465 3458 517 3499 2.
570 3438 936 3501 Eorundem
981 3440 1285 3521 quadrata
1327 3454 1473 3501 sunt
1516 3442 1705 3502 etiam
1749 3437 1967 3499 ultimo
2011 3450 2080 3498 ut
2122 3449 2267 3497 sunt
2309 3455 2560 3496 arcuum

116 3533 375 3614 sagittae,
429 3556 571 3615 quae
618 3536 882 3598 chordas
933 3538 1214 3599 bisecant
1266 3538 1327 3599 81
1384 3538 1465 3599 ad
1524 3539 1740 3599 datum
1799 3549 2096 3618 punctum
2155 3545 2555 3614 convergunt.

121 3628 289 3692 Nam
318 3634 562 3715 sagittae
594 3633 713 3696 illae
743 3649 890 3697 sunt
917 3648 987 3697 ut
1015 3637 1330 3698 subtensae
1359 3638 1426 3696 B
1441 3638 1526 3708 D,
1559 3637 1665 3697 bd.

233 3729 426 3794 Corol.
464 3752 516 3810 3.
570 3733 850 3815 Ideoque
900 3734 1130 3816 sagitta
1179 3747 1277 3795 est
1328 3735 1389 3795 in
1441 3733 1755 3815 duplicata
1801 3733 2038 3794 ratione
2087 3729 2384 3809 temporis
2436 3747 2560 3806 quo

118 3845 338 3907 corpus
367 3828 516 3890 data
542 3829 870 3892 velocitate
899 3832 1192 3894 describit
1220 3854 1445 3893 arcum.
