2846 4250
1103 99 1347 156 *LIBER
1386 105 1723 156 TERTIUS.
2513 116 2593 189 46
2599 133 2652 191 3>

86 311 92 316 -
194 267 458 354 angulus
492 268 551 331 C
563 267 727 330 DF
742 265 1000 360 aequalis
1028 265 1488 348 complemento
1516 265 1844 329 anomaliae
1871 289 2040 330 verae
2084 269 2231 331 solis
2277 273 2359 332 ad
2400 275 2633 355 gradus

84 365 95 399 '⁴
197 373 336 447 360.
430 368 520 428 Et
545 367 628 428 sit
653 366 815 427 DF
832 365 915 426 ad
943 365 1016 426 D
1042 366 1099 427 C
1121 379 1192 426 ut
1233 365 1426 446 dupla
1454 366 1877 427 eccentricitas
1921 364 2087 426 orbis
2131 369 2341 448 magni
2386 370 2466 429 ad
2510 371 2633 431 dis-

192 466 454 527 tantiam
497 464 872 526 mediocrem
915 462 1062 524 solis
1106 485 1146 523 a
1195 475 1359 524 terra
1407 463 1468 523 81
1511 475 1716 524 motus
1761 463 2004 524 medius
2048 463 2304 524 diurnus
2355 466 2501 527 solis
2552 470 2632 530 ab

193 584 456 644 apogaeo
498 561 663 623 lunae
705 562 787 622 ad
830 573 1070 622 motum
1114 561 1390 621 medium
1434 561 1725 620 diurnum
1749 559 1896 621 solis
1937 562 2017 620 ab
2068 583 2330 643 apogaeo
2382 567 2631 644 proprio

193 659 583 740 conjunctim,
616 659 680 719 id
730 670 841 730 est,
882 670 952 719 ut
1001 657 1114 735 33}
1159 658 1255 718 adv
1298 677 1456 719 1000
1497 657 1558 718 &
1608 649 1707 735 52'
1740 658 1861 736 27''
1912 657 2048 718 16'''
2092 660 2172 719 ad
2225 659 2323 737 59'
2364 660 2443 720 8''
2496 662 2631 723 10'''

192 756 581 837 conjunctim,
613 755 748 817 sive
777 769 847 817 ut
878 777 912 834 3
945 757 1026 816 ad
1066 776 1195 818 100.
1289 756 1377 816 Et
1419 756 1675 836 concipe
1707 770 1986 818 centrum
2031 757 2197 817 orbis
2241 756 2404 818 lunae
2451 757 2636 820 locari

138 877 143 882 ·
192 854 254 915 in
283 867 516 934 puncto
558 854 724 930 F‚·&
753 855 814 915 in
846 849 1338 935 epicyclo,'cujus
1368 866 1647 915 centrum
1679 867 1775 915 est
1802 857 1873 914 D
1897 856 1957 915 δε
1987 856 2195 916 radius
2226 858 2376 928 DF,
2404 858 2638 918 interea

189 951 426 1013 revolvi
450 953 600 1012 dum
623 965 921 1033 punctum
951 954 1022 1013 D
1050 952 1444 1034 progreditur
1473 952 1534 1012 in
1566 953 2055 1014 circumferentia
2079 952 2283 1013 circuli
2315 955 2461 1013 DA
2475 956 2631 1016 BD.

195 1049 339 1110 Hac
389 1051 555 1111 enim
585 1052 821 1112 ratione
850 1049 1162 1122 velocitaS,
1196 1072 1320 1130 qua
1350 1063 1628 1111 centrum
1661 1051 1826 1112 orbis
1870 1050 2033 1111 lunae
2065 1052 2126 1110 in
2171 1050 2334 1112 linea
2364 1053 2635 1132 quadam

190 1168 380 1208 curva
407 1149 635 1209 circum
666 1162 944 1210 centrum
981 1150 1037 1210 C
1060 1150 1373 1228 descripta
1415 1150 1782 1221 movebitur,
1816 1150 1931 1210 erit
1975 1150 2286 1229 reciproce
2330 1164 2400 1212 ut
2443 1153 2635 1212 cubus

188 1245 501 1307 distantiae
529 1246 676 1308 solis
707 1268 745 1306 a
774 1259 937 1307 terra
966 1247 1455 1326 quamproxime,
1489 1258 1559 1306 ut
1588 1259 1851 1325 oportet.

304 1345 705 1424 Computatio
763 1358 969 1406 motus
1027 1343 1209 1423 hujus
1268 1342 1533 1403 difficilis
1581 1356 1691 1414 est,
1742 1344 1855 1404 sed
1901 1342 2137 1404 facilior
2183 1303 2477 1406 reddetur
2526 1368 2639 1425 per

187 1441 790 1520 approximationem
837 1452 1219 1520 sequentem.
1329 1441 1400 1500 Si
1451 1441 1748 1500 distantia
1795 1441 2123 1501 mediocris
2177 1440 2341 1502 lunae
2388 1465 2425 1502 a
2476 1455 2639 1504 terra

186 1538 269 1598 sit
298 1539 565 1618 partium
619 1559 876 1610 100000,
911 1538 972 1599 &
1001 1538 1424 1599 eccentricitas
1487 1539 1550 1597 T
1563 1539 1621 1598 C
1660 1538 1742 1597 sit
1789 1539 2057 1617 partium
2092 1557 2249 1616 5505
2298 1553 2368 1600 ut
2410 1562 2635 1619 supra:

188 1648 356 1696 recta
389 1637 522 1696 CB
550 1635 650 1697 vel
703 1637 760 1697 C
775 1637 846 1696 D
893 1636 1244 1697 invenietur
1286 1636 1555 1715 partium
1610 1657 1631 1694 1
1654 1635 1817 1712 1723,
1854 1636 1914 1696 &
1966 1649 2133 1697 recta
2175 1639 2337 1697 DF
2371 1638 2635 1717 partium

192 1732 320 1811 35ὲ.
416 1733 504 1793 Et
533 1733 667 1794 haec
711 1747 879 1795 recta
908 1735 988 1794 ad
1033 1734 1393 1795 distantiam
1437 1734 1569 1794 TC
1607 1734 1929 1794 subtendit
1972 1733 2268 1816 angulum
2300 1735 2379 1795 ad
2412 1748 2635 1795 terram

188 1852 376 1912 quem
420 1830 738 1893 translatio
789 1833 982 1893 centri
1013 1834 1179 1894 orbis
1210 1855 1248 1893 a
1290 1831 1426 1894 loco
1476 1834 1547 1892 D
1590 1833 1670 1892 ad
1723 1831 1925 1893 locum
1972 1834 2042 1891 F
2059 1845 2319 1913 generat
2359 1834 2420 1892 in
2466 1846 2636 1894 motu

187 1929 379 1990 centri
411 1929 593 2011 hujus
626 1953 638 1991 :
685 1929 746 1990 &
775 1930 996 1991 eadem
1028 1943 1195 1992 recta
1224 1929 1538 2011 duplicata
1569 1931 1630 1990 in
1675 1931 1796 1990 situ
1828 1929 2121 2010 parallelo
2152 1931 2232 1990 ad
2278 1930 2635 1990 distantiam

188 2027 520 2107 superioris
570 2026 840 2087 umbilici
893 2028 1059 2089 orbis
1110 2027 1275 2090 lunae
1326 2050 1364 2089 a
1408 2042 1573 2089 terra
1631 2029 1950 2089 subtendit
2002 2028 2270 2088 eundem
2322 2026 2633 2109 angulum,

192 2146 376 2205 quem
405 2125 620 2205 utique
650 2124 969 2187 translatio
1001 2126 1102 2187 illa
1129 2140 1389 2209 generat
1433 2127 1494 2186 in
1540 2139 1712 2187 motu
1758 2125 2045 2199 umbilici,
2081 2125 2140 2185 84:
2171 2125 2250 2185 ad
2281 2125 2636 2185 distantiam

193 2221 358 2282 lunae
400 2244 439 2282 a
484 2235 648 2283 terra
690 2223 1010 2284 subtendit
1060 2222 1358 2306 angulum
1404 2245 1592 2304 quem
1624 2223 1845 2284 eadem
1898 2221 2215 2283 translatio
2265 2235 2524 2303 generat
2576 2223 2636 2282 in

191 2333 363 2383 motu
394 2319 572 2392 lunae,
606 2321 837 2401 quique
867 2334 1198 2402 propterea
1242 2322 1512 2402 aequatio
1543 2322 1735 2382 centri
1781 2322 2054 2382 secunda
2083 2321 2202 2380 dici
2233 2334 2456 2400 potest.
2551 2322 2639 2382 Et

189 2417 323 2480 haec
353 2419 642 2499 aequati0,
675 2420 735 2479 in
781 2420 1075 2481 mediocri
1121 2418 1284 2481 lunae
1315 2420 1610 2480 distantia
1649 2441 1686 2479 a
1733 2432 1922 2491 terra,
1943 2431 2038 2479 est
2084 2432 2153 2478 ut
2198 2420 2368 2479 sinus
2409 2418 2635 2500 anguli,

190 2537 378 2596 quem
429 2529 598 2577 recta
644 2515 750 2577 illa
798 2519 956 2577 DF
975 2539 1116 2578 cum
1148 2530 1316 2579 recta
1346 2541 1383 2579 a
1412 2531 1644 2599 puncto
1673 2519 1743 2578 F
1764 2518 1844 2578 ad
1890 2515 2100 2576 lunam
2132 2517 2318 2576 ducta
2361 2518 2637 2577 continet

189 2615 676 2695 quamproxime,
704 2615 887 2676 &ubi
912 2616 1184 2676 maxima
1207 2629 1304 2677 est
1333 2617 1547 2677 evadit
1582 2615 1638 2675 2'
1671 2615 1807 2694 25'‘.
1888 2613 2179 2696 Angulus
2210 2627 2418 2675 autem
2450 2636 2635 2694 quem

190 2726 357 2774 recta
384 2714 626 2774 DF&
670 2727 837 2775 recta
880 2736 917 2774 a
963 2726 1193 2793 puncto
1236 2716 1307 2774 F
1343 2715 1424 2774 ad
1473 2713 1683 2774 lunam
1735 2714 1921 2773 ducta
1964 2713 2499 2792 comprehendunt
2550 2713 2639 2772 in-

186 2811 436 2872 venitur
462 2809 563 2872 vel
608 2811 1014 2872 subducendo
1044 2810 1341 2893 angulum
1370 2813 1439 2871 E
1458 2813 1615 2871 DF
1634 2812 1713 2871 ab
1743 2809 2051 2871 anomalia
2081 2811 2287 2870 media
2325 2809 2503 2882 lunae,
2536 2808 2636 2870 vel

189 2908 481 2969 addendo
511 2908 869 2969 distantiam
899 2906 1061 2969 lunae
1092 2932 1130 2970 a
1158 2909 1289 2971 sole
1319 2910 1399 2970 ad
1431 2910 1790 2970 distantiam
1813 2909 2054 2989 apogaei
2078 2907 2241 2968 lunae
2272 2909 2350 2968 ab
2375 2930 2637 2989 apogaeo

189 3003 352 3066 solis,
446 3005 535 3066 Et
563 3018 632 3066 ut
660 3006 868 3066 radius
899 3018 996 3066 est
1024 3008 1104 3067 ad
1135 3008 1339 3068 sinum
1370 3006 1578 3089 anguli
1611 3008 1697 3067 sic
1738 3007 1988 3078 inventi,
2024 3007 2109 3066 ita
2142 3006 2199 3065 2'
2232 3006 2353 3084 25⁰
2383 3020 2528 3066 sunt
2557 3006 2636 3066 ad

193 3103 609 3183 aequationem
682 3105 874 3165 centri
933 3106 1287 3178 secundam,
1348 3106 1705 3167 addendam
1757 3105 1808 3165 si
1861 3126 2104 3164 summa
2151 3103 2252 3164 illa
2308 3105 2389 3164 sit
2440 3104 2639 3164 minor

192 3201 590 3274 semicirculo,
623 3204 1091 3265 subducendam
1123 3206 1174 3266 si
1207 3207 1418 3287 major.
1514 3206 1621 3266 Sic
1668 3205 1999 3266 habebitur
2032 3205 2165 3286 ejus
2213 3202 2539 3286 longitudo
2585 3205 2645 3263 in

198 3298 349 3378 ipsis
380 3297 772 3360 luminarium
804 3303 1090 3383 syzygiis

312 3397 474 3456 Cum
505 3398 922 3477 atmosphaera
951 3412 1131 3460 terrae
1161 3401 1242 3460 ad
1273 3423 1473 3481 usque
1503 3399 1895 3462 altitudinem
1927 3398 2278 3459 milliarium
2313 3416 2385 3475 35
2421 3397 2520 3458 vel
2566 3418 2648 3473 40

192 3492 489 3575 refringat
518 3493 717 3556 lucem
748 3493 910 3568 soliS,
945 3496 1006 3556 &
1035 3497 1432 3579 refringendo
1463 3511 1719 3579 spargat
1746 3498 2010 3558 eandem
2042 3497 2103 3556 in
2135 3497 2416 3555 umbram
2451 3508 2645 3566 terrae,

198 3589 260 3650 8c
288 3592 643 3672 spargendo
672 3591 873 3652 lucem
906 3593 967 3653 in
998 3594 1264 3655 confinio
1293 3595 1532 3655 umbrae
1564 3594 1782 3655 dilatet
1811 3596 2123 3655 umbram:
2161 3594 2241 3654 ad
2275 3594 2645 3652 diametrum

197 3689 452 3764 umbrae,
488 3711 781 3770 quae-per
823 3689 1185 3770 parallaxim
1230 3693 1453 3772 prodit,
1487 3693 1653 3753 addo
1700 3692 2006 3753 minutum
2036 3712 2227 3751 unum
2274 3691 2541 3770 primum
2588 3690 2648 3750 in

197 3782 528 3866 eclipsibus
557 3785 736 3860 lunae,
768 3786 869 3849 vel
901 3788 1206 3851 minutum
1235 3811 1429 3851 unum
1460 3812 1599 3851 cum
1630 3791 1867 3852 triente.
