2846 4250
1146 88 1384 138 LIBER
1425 86 1760 136 TERTIUS.
2557 102 2587 162 5
2603 105 2624 144 1
2641 101 2671 162 5

231 255 544 316 vebuntur
571 254 731 315 circa
775 251 974 314 solem
1020 251 1081 311 in
1126 249 1444 330 ellipsibus
1488 271 1602 329 pro
1647 270 1819 310 more
1863 249 2149 329 capitum,
2190 247 2251 307 &
2280 269 2392 327 per
2433 260 2672 308 motum

233 353 404 415 illum
462 354 667 434 capita
723 373 973 431 semper
1045 350 1504 410 comitabuntur
1576 348 1637 409 Sc
1709 349 1781 408 iis
1856 347 2166 408 liberrime
2237 347 2665 408 adhaerebunt.

235 456 531 519 Gravitas
561 453 728 516 enim
758 473 1061 532 vaporum
1093 451 1152 510 in
1199 449 1395 528 solem
1441 470 1565 510 non
1595 449 1794 530 magis
1839 448 2065 509 efficiet
2107 460 2176 507 ut
2205 446 2419 506 caudae
2450 458 2669 524 postea

238 554 533 615 decidant
579 573 618 612 a
664 550 967 631 capitibus
1011 548 1208 610 solem
1251 569 1485 619 versus
1547 567 1734 626 quam
1780 546 2054 627 gravitas
2093 545 2379 624 'capitum
2430 543 2672 604 efficere

231 653 446 734 possit,
482 665 550 712 ut
578 650 713 712 haec
743 649 1036 711 decidant
1078 669 1117 708 a
1159 648 1389 708 caudis,
1513 645 1844 706 Communi
1888 645 2194 726 gravitate
2238 643 2337 703 vel
2383 641 2563 702 simul
2610 643 2670 702 in

231 749 428 812 solem
500 749 743 822 cadent,
804 746 905 808 vel
964 745 1146 807 simul
1203 744 1269 805 in
1327 765 1587 805 ascensu
1651 765 1765 803 suo
1823 742 2330 814 retardabuntur;
2406 741 2672 820 ideoque

229 848 507 930 gravitas
556 845 658 908 illa
705 867 830 908 non
881 843 1155 925 impedit,
1206 865 1332 923 quo
1385 843 1587 903 minus
1647 841 1864 901 caudae
1926 840 1984 900 Sc
2043 841 2244 919 capita
2301 839 2672 918 positionem

231 972 666 1033 quamcunque
697 950 775 1011 ad
808 949 1074 1009 invicem
1105 968 1142 1006 a
1172 946 1371 1006 causis
1393 946 1525 1026 jam
1549 943 1890 1022 descriptiS‚
1916 955 2023 1001 aut
2045 940 2178 1001 aliis
2203 941 2672 1020 quibuscunque

230 1049 518 1112 facillime
549 1048 853 1128 accipiant
884 1045 944 1106 81
974 1058 1193 1125 postea
1223 1042 1530 1103 liberrime
1562 1053 1828 1101 servent.

346 1149 583 1210 Caudae
615 1148 814 1230 igitur,
848 1166 990 1226 quae
1022 1145 1082 1204 in
1114 1155 1493 1204 cometarum
1518 1138 1850 1219 periheliis
1895 1150 2242 1208 nascuntur,
2281 1137 2341 1195 in
2388 1136 2673 1216 regiones

231 1249 604 1331 longinquas
653 1268 793 1307 cum
841 1265 1055 1305 eorum
1101 1242 1403 1321 capitibus
1448 1240 1721 1309 abibunt,
1771 1237 1830 1297 &
1889 1236 1988 1297 vel
2035 1237 2179 1296 inde
2231 1247 2373 1315 post
2424 1234 2673 1315 longam

235 1368 540 1408 annorum
570 1345 795 1407 seriem
825 1364 965 1403 cum
997 1341 1217 1401 iisdem
1247 1339 1328 1399 ad
1359 1359 1473 1398 nos
1504 1337 1811 1408 redibunt,
1844 1333 1945 1395 vel
1978 1335 2183 1414 potius
2229 1334 2312 1393 ibi
2358 1334 2676 1394 rarefactae

233 1445 532 1528 paulatim
580 1453 969 1504 evanescent.
1088 1438 1257 1497 Nam
1310 1450 1530 1516 postea
1581 1435 1642 1494 in
1694 1434 1997 1493 descensu
2043 1432 2314 1510 capitum
2356 1432 2436 1490 ad
2481 1431 2675 1492 solem

233 1543 448 1606 caudae
481 1563 663 1603 novae
693 1535 1100 1601 breviusculae
1132 1535 1301 1595 lento
1334 1547 1504 1593 motu
1550 1554 1588 1592 a
1631 1531 1935 1611 capitibus
1983 1530 2311 1609 propagari
2343 1529 2674 1600 debebunt,

234 1640 591 1708 &subinde
622 1642 681 1702 in
715 1637 1024 1721 periheliis
1057 1649 1437 1697 cometarum
1463 1632 1719 1703 illorum,
1746 1631 1851 1711 qui
1876 1631 2178 1710 adusque
2203 1630 2678 1709 atmosphaeram

237 1744 385 1807 solis
444 1742 848 1811 descendunt,
911 1739 972 1799 in
1034 1737 1405 1797 immensum
1466 1731 1695 1813 augeri.
1818 1730 2036 1809 Vapor
2107 1730 2271 1790 enim
2346 1729 2406 1788 in
2466 1730 2679 1808 spatiis

235 1844 352 1907 illis
399 1842 725 1904 liberrimis
778 1850 1081 1920 perpetuo
1133 1833 1386 1895 rarescit
1437 1854 1508 1892 ac
1560 1830 1866 1891 dilatatur.
1990 1829 2134 1907 Qua
2193 1829 2429 1888 ratione
2488 1829 2556 1888 fit
2614 1842 2682 1888 ut

235 1943 434 2005 cauda
464 1942 666 2004 omnis
697 1940 777 2000 ad
809 1936 1265 2000 extremitatem
1298 1931 1679 2012 superiorem
1711 1929 1891 1989 latior
1925 1929 2003 1989 sit
2049 1950 2234 2008 quam
2271 1929 2452 2008 juxta
2495 1941 2682 2006 caput

235 2055 514 2104 cometae.
667 2039 766 2098 Ea
851 2049 1060 2097 autem
1135 2030 1540 2093 rarefactione
1613 2050 1909 2107 vaporem
1984 2039 2285 2106 perpetuo
2358 2023 2679 2084 dilatatum

235 2140 498 2202 diffundi
545 2138 798 2199 tandem
849 2135 909 2196 &
958 2136 1166 2217 spargi
1215 2156 1328 2214 per
1374 2131 1566 2194 coelos
1615 2131 1953 2201 universos
2001 2129 2227 2189 deinde
2279 2126 2574 2206 paulatim
2621 2128 2680 2186 in

240 2239 522 2322 planetas
574 2259 688 2318 per
732 2236 1107 2318 gravitatem
1155 2255 1330 2294 suam
1392 2231 1633 2298 attrahi.
1687 2229 1746 2289 ἃ
1795 2251 1933 2288 cum
1986 2249 2198 2288 eorum
2252 2219 2681 2304 atmosphae'ris

237 2341 478 2402 misceri
511 2338 732 2399 rationi
764 2348 1251 2397 consentaneum
1283 2333 1544 2393 videtur.
1644 2330 1809 2389 Nam
1837 2325 2362 2408 quemadmodum
2387 2324 2578 2383 maria
2601 2324 2680 2382 ad

234 2438 742 2501 constitutionem
790 2449 971 2496 terrae
1024 2434 1207 2514 hujus
1259 2431 1515 2492 omnino
1569 2428 1978 2508 requiruntur,
2014 2425 2200 2503 idque
2232 2437 2299 2482 ut
2330 2445 2408 2483 ex
2454 2423 2526 2482 iis
2571 2443 2683 2500 per

236 2538 505 2600 calorem
537 2534 685 2596 solis
716 2555 981 2614 vapores
1013 2532 1263 2611 copiose
1294 2531 1443 2590 satis
1475 2528 1834 2596 excitentur,
1869 2511 1972 2604 qui
2004 2522 2105 2583 vel
2139 2523 2196 2581 in
2246 2521 2442 2580 nubes
2488 2520 2680 2580 coacti
2713 2549 2718 2554 ·

236 2636 530 2698 decidant
561 2635 622 2694 in
656 2632 900 2714 pluviiS,
936 2631 996 2692 &
1027 2645 1253 2691 terram
1285 2650 1536 2690 omnem
1582 2627 1662 2686 ad
1708 2622 2195 2705 procreationem
2242 2616 2682 2699 vegetabilium

238 2736 496 2817 irrigent
544 2733 604 2794 &
652 2732 964 2803 nutriant;
1025 2729 1125 2791 vel
1177 2730 1236 2789 in
1290 2728 1529 2809 frigidis
1584 2725 1885 2786 montium
1938 2719 2269 2780 verticibus
2322 2716 2683 2776 condensati

242 2839 336 2916 (ut
406 2831 595 2912 aliqui
670 2852 810 2890 cum
885 2828 1123 2888 ratione
1198 2822 1734 2906 philosophantur)
1812 2822 2141 2880 decurrant
2212 2816 2273 2874 in
2348 2814 2550 2874 fontes
2626 2813 2685 2872 &

238 2932 534 2992 flumina:
601 2930 689 2990 sic
741 2929 822 2989 ad
875 2925 1412 2988 conservationem
1472 2923 1733 2982 marium
1796 2919 1855 2979 ἃ
1914 2918 2241 2977 humorum
2302 2914 2362 2972 in
2422 2912 2684 2991 planetis

240 3030 467 3111 requiri
526 3029 820 3089 videntur
878 3038 1155 3095 cometae,
1218 3045 1296 3084 ex
1356 3042 1619 3102 quorum
1679 3015 2172 3079 exhalationibus
2233 3011 2293 3071 ἃ
2351 3010 2685 3089 vaporibus

241 3127 638 3190 condensatis
698 3124 993 3206 quicquid
1046 3122 1302 3203 liquoris
1363 3142 1475 3201 per
1532 3117 1994 3199 vegetationem
2055 3112 2114 3172 ἃ
2173 3109 2683 3190 putrefactionem

239 3231 621 3293 consumitur
651 3228 712 3289 &
743 3228 803 3288 in
836 3240 1063 3287 terram
1096 3225 1332 3284 aridam
1369 3220 1751 3283 convertitur
1787 3216 2079 3277 continuo
2125 3209 2395 3290 suppleri
2430 3209 2488 3269 ἃ
2520 3208 2682 3267 refici

241 3330 452 3411 possit.
547 3327 717 3387 Nam
748 3322 1123 3407 vegetabilia
1166 3323 1376 3384 omnia
1420 3342 1495 3381 ex
1543 3317 1882 3398 liquoribus
1927 3312 2180 3374 omnino
2211 3319 2503 3375 crescunt,
2543 3306 2685 3364 dein

244 3448 474 3509 magna
504 3448 583 3487 ex
614 3437 791 3505 parte
823 3424 882 3484 in
916 3436 1142 3483 terram
1175 3420 1411 3481 aridam
1444 3439 1556 3497 per
1584 3413 2096 3496 putrefactionem
2138 3409 2380 3474 abeunt,
2416 3403 2474 3463 ἃ
2506 3403 2684 3462 limus

243 3549 323 3588 ex
351 3524 696 3606 liquoribus
729 3521 1086 3604 putrefactis
1118 3532 1420 3599 perpetuo
1451 3515 1696 3576 decidit.
1825 3511 1993 3570 Hinc
2038 3506 2230 3566 moles
2277 3517 2454 3563 terrae
2496 3501 2684 3560 aridae

246 3625 446 3685 indies
519 3636 795 3705 augetur,
873 3621 934 3682 &
1005 3619 1293 3700 liquoreS,
1370 3616 1486 3675 nisi
1559 3611 1808 3673 aliunde
1880 3616 2281 3687 augmentum
2334 3612 2683 3668 sumerent,

245 3734 549 3804 perpetuo
600 3720 959 3781 decrescere
1006 3717 1309 3777 deberent
1351 3735 1434 3773 ac.
1474 3711 1728 3772 tandem
1776 3706 2054 3767 deficere.
2170 3701 2359 3759 Porro
2411 3696 2690 3775 suspicor

246 3822 531 3903 spiritum
563 3818 749 3891 illum,
783 3819 889 3898 qui
934 3817 1093 3877 aeris
1141 3813 1332 3874 nostri
1386 3832 1528 3891 pars
1577 3807 1830 3868 minima
1877 3816 1972 3863 est
2022 3800 2132 3860 sed
2185 3795 2581 3857 subtilissima
2627 3793 2687 3853 ἃ
