2852 4250
1133 94 1374 144 LJBER
1403 94 1713 146 PRIMUS
1783 100 1786 101 ⁷
2528 119 2549 160 Ι
2563 101 2641 177 85

371 357 996 454 PROPOSITIO
1059 389 1387 469 LXVII.
1498 389 2099 457 THEOREMA
2163 390 2497 454 xxvu.

209 571 443 634 Positis
468 571 676 632 iisdem
703 568 1145 630 attractionum
1188 568 1430 649 legibus,
1461 567 1591 629 dico
1631 567 1799 648 quod
1831 573 2053 648 corpus
2088 560 2352 629 extem'us
2394 568 2461 643 S,
2492 568 2654 629 circa

294 683 661 746 interiorum
709 683 773 754 P,
808 681 867 742 T
910 702 1221 742 commune
1233 680 1576 761 gravitatis
1609 688 1884 741 centrum
1915 679 1995 755 O,
2027 680 2227 741 radiis
2268 680 2358 740 ad
2377 688 2654 742 centrum

295 796 465 858 illud
483 795 693 867 ductis,
716 793 997 855 describit
1019 814 1197 853 areas
1225 792 1589 871 temporibus
1616 792 1813 872 magis
1825 793 2320 873 proportionales
2351 794 2433 859 <⁰9²
2459 794 2656 854 orbem

298 907 390 969 ad
403 907 692 988 formam
718 907 983 986 ellipseos
1023 904 1379 965 umbilicum
1408 905 1478 967 in
1510 912 1712 966 centro
1753 905 1945 966 eodem
1972 906 2246 967 habentis
2287 907 2485 987 magis
2511 928 2656 968 acce-

299 1019 545 1090 dentem,
568 1039 756 1099 quam
781 1017 945 1078 circa
971 1024 1189 1097 corpus
1216 1016 1510 1078 intimum
1543 1018 1625 1083 CT·
1652 1017 1996 1079 maximum
2028 1017 2108 1092 T,
2133 1016 2334 1079 radiis
2353 1017 2442 1078 ad
2456 1017 2658 1098 ipsum

301 1131 513 1208 ductis,
544 1130 865 1192 describere
873 1136 1086 1210 potest.
2211 1111 2219 1114 ’

336 1330 505 1391 Nam
531 1329 808 1410 corporis
853 1329 911 1390 S
947 1327 1344 1390 attractiones
1387 1347 1524 1388 ver-

219 1453 326 1493 sus
367 1431 431 1491 T
465 1430 525 1491 &
555 1431 617 1490 P
645 1441 1028 1509 componunt
1072 1427 1264 1507 ipsius
1308 1439 1529 1487 attrac-

220 1531 453 1598 tionem
476 1526 839 1598 absolutam,
861 1548 1002 1606 quae
1027 1525 1226 1605 magis
1250 1524 1534 1605 dirigitur

223 1629 284 1690 in
315 1647 642 1706 corporum
689 1626 751 1686 T
772 1624 832 1685 &
860 1625 924 1684 P
952 1643 1281 1684 commune
1323 1622 1529 1703 gravi·
1592 1644 1620 1685 s

220 1728 365 1790 tatis
436 1739 716 1788 centrum
779 1724 850 1795 O,
911 1743 1100 1802 quam
1173 1721 1235 1781 in
1308 1741 1532 1800 corpus

222 1825 562 1886 maximum
626 1823 693 1894 T,
739 1841 1007 1901 quaeque
1059 1819 1364 1899 quadrato
1408 1819 1530 1879 dis-

222 1923 435 1984 tantiae
487 1922 543 1981 S
566 1921 622 1981 O
664 1918 863 2000 magis
915 1929 1011 1976 est
1060 1914 1535 1996 proportionalis

226 2022 550 2101 reciproce,
597 2039 785 2100 quam
830 2015 1135 2099 quadrato
1178 2014 1489 2078 distantiae
1537 2015 1593 2074 S
1619 2014 1682 2076 T
1690 2039 1709 2076 .·
1754 2025 1824 2075 ut
1868 2034 1997 2073 rem
2043 2009 2451 2091 perpendenti
2496 2007 2673 2069 facile

224 2118 545 2184 constabit.

1692 1663 2331 1672 ...................................................

333 2417 960 2483 PROPOSITIO
1040 2414 1407 2478 LXVIII.
1501 2411 2100 2476 THEOREMA
2180 2409 2562 2472 XXVIII.

227 2604 459 2668 Positis
514 2601 722 2663 iisdem
777 2597 1218 2659 attractionum
1289 2596 1531 2676 legibus,
1592 2594 1721 2655 dico
1791 2593 1956 2674 quod
2004 2599 2220 2672 corpus
2281 2589 2546 2651 exterius
2603 2587 2670 2658 S,

311 2717 474 2779 circa
517 2714 887 2776 interiorum
934 2711 981 2770 P
1031 2712 1113 2775 (δ’
1154 2709 1216 2769 T
1234 2730 1544 2769 commune
1568 2705 1910 2788 gravitatis
1950 2712 2224 2765 centrum
2258 2702 2334 2774 O,
2367 2700 2566 2761 radiis
2593 2699 2682 2759 ad

313 2836 588 2891 centrum
617 2824 786 2886 illud
806 2823 1017 2894 ductis,
1049 2821 1329 2883 describit
1354 2843 1529 2881 areas
1559 2819 1935 2899 temporibus
1952 2817 2149 2897 magis
2162 2814 2673 2895 proportionales,

318 2945 400 3008 ὥ*
440 2941 638 3002 orbem
679 2937 769 2998 ad
793 2935 1083 3016 sormam
1132 2935 1395 3015 ellipseos
1423 2933 1778 2993 umbilicum
1820 2931 1889 2991 in
1932 2937 2134 2990 centro
2176 2928 2367 2988 eodem
2408 2926 2680 2986 habentis

313 3053 511 3134 magis
537 3049 911 3122 accedentem,
942 3046 1003 3107 si
1025 3053 1241 3126 corpus
1269 3046 1563 3106 intimum
1595 3046 1677 3110 &³
1705 3043 2046 3104 maximum
2087 3042 2185 3102 his
2211 3039 2679 3101 attractionibus

301 3164 562 3248 perinde
586 3170 767 3243 atque
805 3168 1015 3222 caetera
1049 3159 1337 3239 agitetur,
1369 3177 1556 3238 quam
1583 3156 1644 3217 si
1667 3155 1740 3216 id
1761 3156 1859 3216 vel
1881 3177 2004 3215 non
2033 3160 2373 3214 attractum
2400 3151 2674 3232 quiescat,

318 3280 415 3341 vel
457 3278 653 3339 multo
697 3274 895 3354 magis
938 3278 1053 3332 aut
1096 3272 1290 3332 multo
1333 3271 1541 3330 minus
1581 3276 1919 3329 attractum
1961 3274 2078 3327 aut
2117 3266 2311 3327 multo
2339 3263 2540 3345 magis
2565 3270 2681 3322 aut

319 3391 511 3453 multo
539 3388 748 3449 minus
774 3386 1058 3466 agitetur.

349 3571 832 3632 Demonstratur.
874 3566 1098 3627 eodem
1143 3564 1272 3626 fere
1318 3562 1506 3626 modo
1550 3583 1689 3624 cum
1735 3583 1908 3642 prop.
1960 3578 2108 3621 wa
2150 3557 2265 3620 sed
2310 3566 2677 3637 argumento

238 3668 581 3750 prolixiore,
656 3665 827 3745 quod
902 3663 1043 3725 ideo
1117 3675 1434 3742 praetereo.
1581 3661 1911 3723 Sufficeret
1983 3679 2113 3719 rem
2188 3657 2275 3721 sic
2347 3653 2671 3715 aestimare.

226 3768 344 3834 ,Ex
374 3764 902 3829 demonstratione
947 3761 1386 3842 propositionis
1432 3758 1800 3820 novissimae
1834 3756 2029 3836 liquet
2074 3767 2367 3823 centrum,
2403 3751 2462 3810 in
2507 3746 2675 3828 quod
