2846 4224
1109 106 1345 154 LIBER
1378 100 1685 156 PRIMUS
2166 89 2172 95 ’
2502 134 2538 187 9
2551 132 2580 189 7

145 268 427 331 describe
493 265 681 327 alium
739 264 1047 338 circulum,
1109 267 1170 327 81
1228 279 1411 338 recta,
1472 289 1615 346 quae
1672 269 1874 349 tangit
1928 269 2095 330 hunc
2152 270 2459 343 circulum,
2521 275 2582 334 &

147 365 365 428 transit
392 386 506 444 per
546 381 911 425 concursum
955 385 1199 424 crurum
1253 365 1311 424 C
1318 365 1407 435 K,
1438 365 1607 434 BK,
1640 365 1746 424 ubi
1794 387 1970 425 crura
2016 366 2215 444 prima
2266 368 2322 426 C
2333 369 2409 437 Ρ,
2441 369 2583 428 BP

22 484 53 546 ,Δ
147 474 516 525 concurrunt
563 462 645 521 ad
697 474 986 541 quartum
1031 461 1248 522 datum
1292 474 1605 540 punctum,
1654 462 1770 521 erit
1816 460 2029 542 regula
2058 447 2160 522 illa
2202 464 2386 523 MN
2411 466 2583 545 cujus

31 596 44 621 >
145 582 266 641 ope
293 560 640 641 trajectoria
683 559 1081 620 describetur.
1206 559 1399 620 Unde
1443 560 1631 620 etiam
1675 559 1946 620 vicissim
1992 560 2333 639 trapezium
2379 563 2584 639 specie

24 662 42 717 ’ἶ
147 658 359 719 datum
394 656 468 738 (si
499 678 677 717 casus
708 656 962 736 quidam
1000 654 1410 736 impossibiles
1456 656 1862 739 excipiantur)
1899 657 1962 716 in
1991 657 2138 717 data
2182 658 2404 737 quavis
2455 680 2582 719 sec-

42 783 45 788 ·
148 756 315 817 tione
337 754 549 815 conica
579 754 824 814 inscribi
855 766 1076 833 potest.

258 853 420 914 Sunt
449 852 510 913 &
555 850 674 912 alia
715 850 1009 912 lemmata
1052 873 1315 932 quorum
1360 873 1480 931 ope
1524 852 1889 932 trajectoriae
1941 853 2148 933 specie
2195 853 2375 924 datae,
2425 853 2587 913 datis

145 951 386 1033 punctis
431 950 492 1011 &
534 951 948 1032 tangentibuS,
995 949 1258 1010 describi
1310 962 1587 1028 possunt.
1681 950 1838 1030 Ejus
1885 950 2131 1031 generis
2178 962 2274 1010 est
2318 950 2501 1029 quod,
2535 950 2587 1010 si

146 1062 312 1110 recta
339 1047 501 1109 linea
550 1070 663 1128 per
711 1061 1008 1128 punctum
1053 1048 1320 1127 quodvis
1368 1048 1676 1127 positione
1722 1047 1937 1108 datum
1984 1048 2257 1119 ducatur,
2291 1070 2432 1127 quae
2479 1048 2584 1108 da-

147 1160 271 1208 tam
322 1147 459 1207 coni
489 1147 827 1207 sectionem
875 1146 935 1206 in
983 1146 1227 1225 punctis
1278 1146 1523 1206 duobus
1576 1147 1918 1215 intersecet,
1974 1145 2034 1205 &
2082 1145 2586 1205 intersectionum

34 1267 38 1272 ·
147 1243 533 1306 intervallum
563 1245 884 1315 bisecetur,
918 1257 1216 1323 punctum
1247 1243 1601 1304 bisectionis
1627 1255 1843 1324 tanget
1865 1242 2049 1303 aliam
2081 1243 2219 1303 coni
2249 1243 2587 1303 sectionem

39 1414 44 1418 ,
149 1343 426 1425 ejusdem
484 1343 712 1422 speciei
771 1363 911 1402 cum
970 1342 1191 1421 priore,
1245 1354 1435 1421 atque
1493 1363 1643 1402 axes
1702 1341 2039 1401 habentem
2098 1340 2317 1420 prioris
2370 1341 2588 1401 axibus

146 1440 484 1522 parallelos,
577 1441 706 1502 Sed
737 1462 1006 1521 propero
1036 1439 1117 1501 ad
1149 1439 1347 1519 magis
1379 1438 1567 1500 utilia.

911 1650 1372 1711 LEMMA
1483 1650 1830 1711 XXVI.

162 1791 225 1852 T
216 1790 501 1871 rz'angulz’
540 1790 727 1870 specie,
765 1792 846 1855 ὥ*
888 1789 1316 1870 magnitudine
1355 1788 1493 1847 dati
1533 1796 1653 1848 tres
1694 1788 1954 1867 angulos
1995 1787 2084 1846 ad
2119 1794 2311 1846 rectas
2354 1785 2594 1845 lotidem

215 1889 517 1968 positione
541 1889 736 1964 dataS,
767 1910 902 1968 quae
942 1910 1063 1948 non
1105 1895 1255 1948 sunt
1295 1908 1492 1947 omnes
1519 1887 1865 1966 parallelce,
1896 1886 2169 1965 singulos
2203 1885 2292 1943 ad
2319 1885 2598 1964 singulas

218 1994 460 2067 ponere.

266 2138 516 2197 Dantur
558 2136 866 2216 positione
910 2149 1035 2197 tres
1080 2149 1263 2196 rectae
1310 2135 1566 2196 infinitae
1610 2135 1678 2194 A
1702 2135 1781 2205 B,
1827 2134 1895 2193 A
1930 2133 1995 2204 C,
2042 2134 2107 2192 B
2134 2132 2198 2203 C,
2243 2131 2303 2191 &
2347 2143 2594 2210 oportet

0 2254 6 2307 ζ
90 2316 96 2321 .
148 2233 523 2316 triangulum
554 2235 625 2294 D
646 2235 714 2294 E
733 2235 802 2293 F
823 2235 907 2294 ita
935 2232 1153 2305 locare,
1186 2247 1255 2294 ut
1298 2232 1561 2314 angulus
1607 2233 1739 2312 ejus
1770 2233 1840 2290 D
1869 2230 2095 2291 lineam
2125 2230 2192 2289 A
2218 2231 2299 2301 B,
2332 2227 2595 2310 angulus

149 2333 219 2392 E
243 2330 469 2391 lineam
501 2332 570 2391 A
606 2332 670 2402 C,
704 2331 765 2391 &
808 2330 1071 2413 angulus
1115 2333 1185 2391 F
1217 2330 1443 2391 lineam
1486 2331 1552 2389 B
1580 2331 1636 2390 C
1673 2342 1901 2409 tangat
1964 2328 2199 2407 ⁴Super
2240 2329 2413 2400 DE,
2447 2328 2608 2387 DF

153 2428 215 2489 &
258 2429 412 2489 EF
447 2428 729 2490 describe
776 2429 892 2489 tria
939 2427 1304 2489 circulorum
1356 2439 1681 2508 segmenta
1730 2426 1981 2497 DRE,
2027 2426 2098 2485 D
2126 2425 2282 2499 GF,
2335 2426 2404 2484 E
2420 2425 2513 2483 M
2519 2425 2593 2494 F,

152 2546 293 2606 quae
365 2526 612 2605 capiant
683 2525 946 2607 angulos
1028 2524 1272 2607 angulis
1357 2526 1423 2584 B
1443 2525 1510 2583 A
1548 2525 1611 2595 C,
1685 2523 1753 2583 A
1783 2524 1847 2582 B
1874 2522 1939 2595 C,
2013 2522 2081 2581 A
2118 2522 2253 2581 CB
2324 2519 2595 2599 aequales

152 2624 510 2703 respective.
635 2625 1084 2684 Describantur
1126 2637 1335 2684 autern
1380 2623 1514 2683 haec
1558 2632 1884 2702 segmenta
1923 2618 2002 2678 ad
2035 2639 2140 2678 eas
2170 2630 2377 2696 partes
2408 2617 2594 2677 linea-

153 2741 287 2782 rum
357 2723 526 2794 DE,
601 2724 765 2795 DF,
840 2724 997 2795 EF,
1052 2736 1121 2783 ut
1192 2722 1387 2782 literae
1459 2720 1797 2782 DRED
1869 2718 2093 2779 eodem
2166 2717 2383 2777 ordine
2456 2738 2595 2776 cum

154 2816 342 2880 literis
413 2821 562 2880 BA
593 2820 738 2891 CB,
800 2819 995 2881 literae
1067 2822 1138 2880 D
1166 2821 1225 2880 G
1244 2821 1315 2879 F
1326 2821 1397 2879 D
1468 2820 1691 2879 eodem
1765 2837 1905 2876 cum
1978 2813 2168 2874 literis
2241 2814 2309 2873 A
2338 2815 2402 2873 B
2431 2814 2593 2886 CA,

155 2915 217 2995 &
258 2914 451 2978 literae
494 2918 564 2977 E
578 2919 673 2978 M
682 2919 752 2977 F
759 2919 829 2979 E
868 2918 1091 2979 eodem
1136 2940 1277 2978 cum
1322 2917 1514 2978 literis
1558 2917 1626 2976 A
1661 2914 1886 2976 CBA
1938 2914 1999 2972 in
2044 2913 2259 2973 orbem
2305 2912 2595 2982 redeant;

155 3013 379 3075 deinde
437 3014 864 3095 compleantur
922 3016 1055 3077 haec
1113 3028 1440 3097 segmenta
1514 3015 1573 3074 in
1635 3010 1891 3073 circulos
1959 3010 2247 3090 integros,
2369 3009 2599 3068 Secent

153 3110 355 3172 circuli
405 3113 531 3174 duo
583 3114 818 3193 priores
869 3136 937 3175 se
986 3128 1201 3175 mutuo
1250 3115 1310 3173 in
1365 3114 1437 3184 G,
1485 3113 1733 3190 sintque
1777 3121 1987 3169 centra
2032 3128 2246 3167 eorum
2297 3107 2361 3165 Ρ
2412 3105 2471 3165 8ε
2518 3105 2591 3179 Q.

155 3207 394 3288 Junctis
430 3210 490 3271 G
510 3212 587 3282 P,
618 3213 683 3271 Ρ
707 3212 780 3286 Q,
814 3233 967 3291 cape
1003 3212 1063 3272 G
1079 3234 1119 3271 a
1149 3212 1229 3271 ad
1259 3212 1327 3270 A
1355 3212 1421 3270 B
1463 3222 1532 3269 ut
1576 3220 1672 3268 est
1708 3207 1767 3267 G
1788 3208 1851 3266 Ρ
1880 3206 1959 3265 ad
1989 3206 2053 3264 Ρ
2077 3205 2150 3278 Q,
2186 3203 2246 3263 &
2276 3216 2486 3262 centro
2522 3202 2594 3272 G,

157 3305 477 3369 intervallo
519 3309 635 3369 Ga
677 3309 960 3370 describe
1005 3308 1312 3379 circulum,
1353 3308 1459 3388 qui
1496 3318 1666 3367 secet
1709 3303 2000 3365 circulum
2046 3303 2311 3382 primum
2355 3302 2426 3360 D
2453 3301 2511 3360 G
2533 3300 2601 3359 E

160 3403 221 3464 in
249 3426 303 3466 a.
389 3406 698 3488 Jungatur
747 3421 879 3467 tum
930 3408 1063 3467 aD
1119 3427 1336 3467 secans
1395 3403 1688 3464 circulum
1750 3401 2090 3462 secundum
2148 3400 2304 3459 DF
2318 3399 2377 3458 G
2435 3398 2495 3456 in
2547 3397 2595 3467 b,

157 3512 289 3561 tum
316 3504 443 3562 aE
470 3526 688 3565 secans
719 3503 1010 3565 circulum
1041 3505 1290 3564 tertium
1321 3505 1390 3563 E
1404 3504 1498 3562 M
1505 3504 1575 3562 F
1595 3503 1656 3562 in
1691 3522 1733 3563 c.
1854 3500 1942 3559 Et
1975 3500 2107 3580 jam
2152 3496 2294 3557 licet
2338 3495 2596 3576 figuram

151 3598 225 3658 Α
247 3600 313 3659 Β
336 3601 392 3661 C
401 3600 452 3661 d
457 3623 488 3661 e
485 3601 550 3679 f
564 3604 940 3663 constituere
969 3601 1234 3663 similem
1266 3602 1327 3662 &
1356 3599 1662 3680 aequalem
1697 3599 1911 3679 figurae
1940 3618 1980 3656 a
1999 3597 2079 3655 bc
2106 3596 2177 3655 D
2197 3595 2267 3654 E
2285 3595 2359 3653 F.
2452 3591 2597 3668 Quo

157 3693 321 3757 facto
349 3696 661 3775 perficitur
687 3698 1024 3779 problema.

270 3792 521 3874 Agatur
563 3795 728 3856 enim
772 3797 842 3855 F
847 3818 878 3855 c
921 3796 1036 3874 ipsi
1080 3796 1214 3855 aD
1256 3814 1582 3855 occurrens
1627 3792 1687 3851 in
1733 3812 1791 3861 n,
1825 3790 2249 3870 &jungantur
2289 3805 2329 3843 a
2357 3782 2429 3852 G,
2464 3780 2592 3849 bG,

431 3899 434 3903 ·
1360 3897 1399 3936 G
