2852 4250
179 92 308 152 434
968 76 1084 127 DE
1117 77 1195 128 M
1199 75 1404 129 UNDI
1430 74 1476 127 S
1486 73 1792 128 YSTEMA
1801 75 1899 127 TE
2693 0 2764 98 Ἴ

182 242 386 327 major
412 243 488 304 D
509 242 569 306 C
592 242 1013 326 quadraturiS,
1047 242 1256 307 mInor
1282 242 1354 305 A
1381 243 1450 306 B
1491 242 1771 327 syzygiis
1801 242 2185 328 interjaceat.
2277 243 2444 307 Cum
2475 255 2691 308 autem

177 340 439 425 planum
470 343 768 428 ellipseos
799 345 987 430 hujus
1017 358 1195 408 motu
1225 342 1513 428 angulari
1555 343 1719 406 circa
1764 356 1998 407 terram
2043 342 2425 420 revolvatur,
2459 345 2522 408 &
2567 358 2692 410 tra-
2754 384 2784 394 =

169 445 439 529 jectoria
468 447 646 531 cujus
677 460 1079 510 curvaturam
1111 446 1588 509 consideramus
1628 444 1902 508 describi
1946 444 2141 509 debet
2186 445 2249 508 in
2294 444 2488 529 plano
2518 446 2694 530 quod
2785 487 2788 530 3

181 549 356 613 omni
402 562 579 612 motu
610 547 897 633 angulari
943 548 1206 611 omnino
1236 547 1524 610 destitui·
2044 574 2145 636 851:-

181 662 325 713 tur:
372 649 835 736 consideranda
886 648 1007 712 erit
1059 647 1278 731 figura,
1334 669 1529 730 quam
2104 631 2116 664 ³

180 749 332 812 luna
372 750 435 812 in
467 748 672 832 ellipsi
719 748 823 811 illa
868 746 1262 812 revolvendo
1293 748 1527 811 descri-

181 851 277 914 bit
307 851 370 914 in
403 851 524 914 hoc
552 850 761 933 plano,
796 851 918 913 hoc
948 862 1049 913 est
1094 850 1299 933 figura
1336 851 1395 913 C
1389 858 1446 933 p
1467 873 1526 925 a,

181 951 359 1036 cujus
417 963 655 1033 puncta
714 947 966 1035 singula
1008 958 1064 1032 p
1119 950 1531 1013 inveniuntur

180 1053 493 1135 capiendo
540 1063 848 1135 punctum
895 1051 1172 1134 quodvis
1218 1053 1284 1114 P
1329 1052 1392 1114 in
1439 1049 1525 1115 el-

181 1153 342 1237 lipsi,
393 1153 567 1236 quod
614 1152 822 1216 locum
876 1151 1045 1215 lunae
1091 1165 1525 1235 repraesentet,

181 1255 243 1317 &
273 1254 570 1318 ducendo
613 1254 678 1316 T
660 1262 715 1336 p
747 1251 1062 1337 aequalem
1106 1255 1172 1316 T
1169 1255 1249 1329 P,
1276 1276 1354 1317 ea
1384 1253 1528 1339 lege

177 1369 249 1419 ut
296 1354 568 1439 angulus
620 1356 686 1417 P
716 1356 782 1417 T
772 1363 829 1438 p
877 1354 1142 1439 aequalis
1191 1356 1275 1419 sit
1327 1357 1527 1419 motui

174 1458 507 1540 apparenti
549 1456 701 1520 solis
732 1479 771 1519 a
802 1470 1091 1541 tempore
1121 1459 1528 1542 quadraturae

183 1560 243 1623 C
297 1558 623 1632 confecto;
683 1556 788 1621 vel
847 1557 1047 1643 (quod
1108 1560 1340 1623 eodem
1393 1560 1528 1624 fere

178 1659 424 1744 recidit)
460 1673 531 1721 ut
561 1657 833 1743 angulus
870 1660 928 1722 C
953 1660 1019 1722 T
1009 1668 1066 1742 p
1096 1661 1180 1723 sit
1210 1661 1292 1722 ad
1325 1683 1524 1746 angu-

177 1759 309 1823 lum
374 1761 434 1824 C
463 1762 526 1823 T
539 1762 606 1823 P
662 1774 735 1823 ut
794 1774 1048 1844 tempus
1110 1761 1527 1827 revolutionis

177 1863 501 1946 synodicae
551 1862 788 1926 lunaris
836 1864 918 1925 ad
971 1877 1226 1946 tempus
1275 1864 1527 1929 revolu-

177 1964 367 2027 tionis
412 1964 754 2046 periodicae
814 1987 927 2027 seu
980 1963 1099 2043 29⁶¹·
1143 1963 1256 2026 12¹¹·
1292 1965 1399 2045 44'
1444 1968 1526 2030 ad

182 2064 298 2145 27d·
339 2063 412 2145 7¹¹·
445 2065 568 2145 43'.
666 2065 973 2147 Capiatur
1019 2066 1211 2150 igitur
1253 2066 1528 2151 angulus

178 2166 238 2228 C
268 2167 333 2227 T
339 2188 380 2228 a
411 2167 473 2228 in
507 2166 735 2229 eadem
782 2166 1028 2229 ratione
1072 2167 1156 2230 ad
1201 2167 1508 2253 angulum
1555 2185 1798 2235 rectum
1850 2173 1910 2236 C
1934 2173 2099 2249 TA,
2134 2172 2198 2236 8c
2241 2173 2325 2236 sit
2362 2171 2697 2258 longitudo

187 2266 252 2328 T
258 2289 299 2328 a
330 2266 593 2349 aequalis
625 2266 1007 2351 longitudini
1052 2268 1194 2330 TA
1219 2295 1244 2342 ,·
1290 2268 1353 2331 ἃ
1384 2271 1504 2334 erit
1546 2294 1589 2334 a
1633 2273 1806 2356 apsis
1838 2273 1967 2339 ima
2015 2273 2078 2336 &
2130 2274 2189 2337 C
2228 2274 2400 2356 apsis
2447 2296 2699 2338 summa
2784 2310 2787 2314 ·
2827 2299 2835 2337 ε

174 2368 345 2431 orbis
377 2368 564 2452 hujus
603 2369 661 2431 C
656 2376 711 2451 p
730 2391 784 2434 a.
882 2369 1193 2433 Rationes
1224 2384 1440 2435 autem
1484 2373 1765 2438 ineundo
1815 2375 2074 2439 invenio
2119 2376 2294 2459 quod
2342 2375 2699 2440 differentia

174 2470 338 2532 inter
367 2483 771 2533 curvaturam
803 2471 975 2533 orbis
1014 2472 1072 2534 C
1067 2478 1182 2553 pa
1232 2472 1295 2534 in
1327 2475 1567 2538 vertice
1597 2499 1638 2537 a
1671 2475 1733 2539 &
1763 2490 2170 2539 curvaturam
2215 2475 2428 2540 circuli
2474 2491 2695 2542 centro

185 2573 250 2633 T
272 2571 608 2635 intervallo
652 2573 795 2635 TA
833 2572 1136 2655 descripti
1183 2574 1267 2636 sit
1297 2575 1380 2637 ad
1426 2576 1854 2640 differentiam
1887 2577 2054 2641 inter
2082 2590 2487 2641 curvaturam
2519 2576 2695 2662 ellip-

173 2695 317 2736 seos
350 2674 412 2735 in
445 2675 684 2737 vertice
713 2675 784 2736 A
823 2674 886 2738 &
926 2689 1332 2739 curvaturam
1378 2679 1668 2763 ejusdem
1715 2678 1927 2743 circuli
1975 2680 2039 2742 in
2085 2678 2408 2762 duplicata
2452 2680 2697 2744 ratione
2784 2671 2786 2673 ⁵

177 2775 395 2860 anguli
435 2777 492 2839 C
516 2777 581 2838 T
587 2778 654 2838 P
696 2777 780 2839 ad
826 2776 1132 2861 angulum
1186 2780 1245 2841 C
1268 2779 1335 2841 T
1325 2788 1381 2861 p
1398 2806 1425 2854 ,·
1472 2780 1534 2843 &
1579 2782 1755 2864 quod
1801 2794 2141 2844 curvatura
2184 2779 2481 2864 ellipseos
2527 2781 2591 2844 in
2620 2781 2691 2844 A
2775 2791 2777 2793 ’

176 2877 260 2939 sit
290 2877 372 2939 ad
419 2890 823 2941 curvaturam
870 2877 1081 2942 circuli
1130 2877 1293 2941 illius
1341 2880 1404 2942 in
1452 2881 1776 2965 duplicata
1819 2883 2067 2946 ratione
2110 2883 2252 2945 TA
2291 2882 2374 2945 ad
2419 2883 2485 2944 T
2496 2883 2555 2946 C
2566 2909 2593 2957 ,·
2636 2881 2699 2945 81

178 2991 517 3041 curvatura
547 2978 757 3041 circuli
802 2978 968 3042 illius
1013 2981 1097 3042 ad
1144 2996 1549 3046 curvaturam
1582 2983 1794 3047 circuli
1826 2998 2046 3047 centro
2088 2985 2155 3046 T
2192 2983 2526 3048 intervallo
2569 2984 2706 3048 TC

176 3078 477 3160 descripti
529 3092 601 3141 ut
664 3080 730 3141 T
747 3080 805 3142 C
850 3080 934 3142 ad
998 3081 1142 3143 TA
1164 3109 1191 3156 ‚·
1264 3082 1452 3167 hujus
1505 3098 1721 3148 autem
1769 3099 2109 3149 curvatura
2159 3086 2243 3149 ad
2295 3099 2698 3149 curvaturam

177 3179 475 3262 ellipseos
522 3181 585 3243 in
622 3182 681 3244 C
721 3182 785 3244 in
817 3181 1140 3265 duplicata
1185 3186 1432 3248 ratione
1489 3187 1636 3249 TA
1674 3187 1757 3249 ad
1802 3188 1867 3250 T
1886 3190 1945 3252 C
1954 3215 1980 3262 ‚·
2027 3188 2090 3251 &
2134 3189 2494 3253 differentia
2534 3189 2700 3252 inter

176 3296 579 3345 curvaturam
610 3281 906 3365 ellipseos
953 3285 1016 3346 in
1055 3286 1293 3349 vertice
1330 3286 1476 3350 C&
1521 3303 1927 3352 curvaturam
1973 3289 2186 3353 circuli
2234 3291 2564 3354 novissimi
2610 3289 2694 3353 ad
2767 3335 2770 3342 ,

177 3382 601 3445 differentiam
633 3384 798 3445 inter
820 3399 1222 3448 curvaturam
1255 3387 1477 3472 figurae
1521 3390 1587 3451 T
1577 3398 1694 3472 pa
1739 3390 1803 3452 in
1834 3394 2074 3456 vertice
2111 3394 2169 3456 C
2201 3393 2263 3455 &
2294 3405 2697 3457 curvaturam
2765 3436 2770 3438 ἡ
2849 3406 2852 3409 ’

177 3486 468 3568 ejusdem
514 3483 724 3547 circuli
772 3485 835 3547 in
882 3486 1204 3569 duplicata
1248 3490 1494 3552 ratione
1524 3490 1743 3574 anguli
1781 3492 1840 3554 C
1861 3494 1927 3556 T
1920 3502 1976 3576 p
2000 3494 2083 3556 ad
2114 3493 2422 3578 angulum
2459 3494 2519 3556 C
2540 3494 2606 3556 T
2613 3493 2692 3556 P.

181 3587 349 3668 Quae
381 3585 642 3669 quidem
674 3587 952 3650 rationes
998 3610 1075 3651 ex
1124 3590 1389 3653 sinubus
1435 3589 1815 3677 angulorum
1846 3607 2176 3658 contactus
2207 3617 2282 3657 ac
2311 3583 2695 3658 differentia-

178 3711 318 3751 rum
349 3686 728 3772 angulorum
773 3688 956 3752 facile
1002 3689 1397 3775 colliguntur.
1497 3694 1624 3757 His
1671 3709 1887 3759 autem
1934 3696 2100 3758 inter
2142 3717 2213 3759 se
2258 3679 2518 3770 collatis,
2550 3716 2694 3778 pro-

176 3790 274 3852 dit
317 3802 655 3853 curvatura
703 3790 926 3874 figurae
977 3791 1035 3853 C
1031 3799 1145 3873 pa
1192 3792 1255 3854 in
1302 3816 1345 3855 a
1388 3794 1472 3856 ad
1526 3795 1724 3877 ipsius
1769 3809 2174 3859 curvaturam
2221 3797 2284 3858 in
2337 3797 2396 3860 C
2419 3809 2491 3858 ut
2527 3795 2599 3858 A
2641 3793 2707 3857 T
2750 3861 2755 3869 ,

178 3891 2475 3982 cub.÷1²0‘÷s⁸v²v⁴vCTq><ATadCTcub.÷ffi⁸v²0³0ATq><C71
2558 3894 2693 3961 Ubi
