2846 4250
76 140 198 210 5⁶34

137 292 477 347 eccentricitas
502 290 719 342 maxima
743 299 820 341 est
837 290 888 340 in
913 285 1109 355 apogaei
1133 287 1343 355 syzygiis

203 379 319 412 cum
365 362 486 422 sole,
533 359 744 409 minima
783 358 836 408 in
879 358 1194 424 quadraturis
1237 358 1342 418 III,

211 448 303 480 22:
341 431 455 491 461,
484 446 563 492 31.
938 455 946 460 »

135 499 258 550 nodi
299 497 485 548 tardius
536 505 802 547 moventur
847 495 899 544 in
941 494 1144 560 aphelio
1186 504 1343 555 terrae,

203 565 424 617 velocius
449 565 500 614 in
524 564 766 631 perihlelio
794 566 895 626 ΙΙΙ,
928 580 1018 612 22:
1059 567 1173 625 460,
1208 577 1283 627 15.

135 635 257 686 nodi
283 634 547 699 quiescunt
570 633 622 682 in
648 632 857 698 syzygiis
883 632 984 682 suis
1008 650 1124 682 cum
1151 633 1272 692 sole,
1299 633 1363 689 δε,

202 702 518 754 velocissime
565 701 910 766 regrediuntur
944 701 996 750 in
1033 699 1348 766 quadraturis

203 774 306 833 III,
354 788 429 821 22.
505 771 772 820 Nodorum
807 779 974 819 motus
1010 773 1057 821 &
1093 767 1350 833 inaequali-

202 850 331 891 tates
377 848 605 889 motuum
653 848 1010 902 computantur
1051 856 1113 889 ex
1155 837 1349 888 theoria

202 907 454 974 gravitatis
481 909 582 968 ΙΙΙ,
611 925 693 971 30,
721 924 800 971 31,
830 925 909 971 32,
939 925 1020 971 33.

133 977 391 1028 inclinatio
427 976 561 1026 orbis
596 977 663 1025 ad
698 975 984 1040 eclipticam
1019 974 1239 1026 maxima
1275 984 1351 1025 est

200 1046 252 1096 in
295 1043 503 1110 syzygiis
541 1046 789 1095 nodorum
827 1062 943 1094 cum
982 1047 1104 1106 sole,
1141 1043 1352 1094 minima

202 1115 254 1164 in
290 1113 602 1178 quadraturis
640 1116 681 1175 Ι,
722 1115 801 1175 66,
830 1131 930 1164 cor.
965 1131 1038 1163 10.
1133 1113 1351 1163 Inclina-

202 1183 350 1234 tionis
374 1182 675 1232 variationes
700 1192 1056 1247 computantur
1075 1200 1137 1233 ex
1156 1181 1350 1233 theoria

201 1251 454 1317 gravitatis
482 1254 583 1312 III,
613 1265 702 1315 34,
723 1266 802 1315 35.

66 1321 334 1371 Lunarium
360 1329 588 1370 motuum
615 1320 927 1385 aequationes
951 1321 1018 1371 ad
1041 1337 1161 1371 usus
1197 1329 1352 1371 astro-

199 1389 428 1440 nomicos
454 1406 499 1454 p.
529 1404 644 1454 459,
672 1392 719 1440 &
745 1406 883 1455 seqq.

134 1460 308 1509 Motus
332 1458 487 1508 medii
512 1460 643 1508 lunae

201 1526 420 1591 aequatio
444 1544 613 1576 annua
638 1542 752 1592 459,
780 1529 868 1578 ult.

201 1596 419 1660 aequatio
445 1597 694 1646 semestris
720 1596 881 1662 prima
909 1599 1025 1659 460,
1053 1615 1132 1662 32.

201 1665 420 1729 aequatio
446 1665 696 1715 semestris
722 1668 945 1716 secunda
965 1670 1081 1728 461,
1109 1684 1181 1728 14.

200 1734 420 1798 aequatio
462 1734 618 1784 centri
653 1735 814 1799 prima
850 1738 968 1797 462,
1008 1750 1099 1800 15:
1137 1753 1184 1801 p.
1237 1753 1347 1801 109,

272 1805 318 1852 δι
344 1819 484 1866 seqq.

202 1871 419 1935 aequatio
446 1870 601 1921 centri
627 1873 850 1922 secunda
874 1875 989 1938 463,
1025 1891 1100 1923 12.

68 1941 225 1989 Lunae
249 1939 456 1989 variatio
481 1940 640 2004 prima
666 1943 767 2003 ΙΙΙ,
800 1959 878 2006 29.

135 2010 309 2058 Motus
334 2008 487 2058 medii
512 2010 708 2074 apogaei

201 2077 418 2141 aequatio
443 2095 611 2128 annua
636 2082 751 2140 460,
786 2094 859 2145 15.

202 2146 417 2210 aequatio
444 2147 693 2197 semestris
720 2151 835 2211 461,
868 2167 944 2214 29.

133 2214 530 2265 Eccentricitatis

200 2279 691 2348 aequatio‘semestris
717 2289 831 2349 461,
863 2305 941 2352 29.

133 2353 307 2402 Motus
332 2354 485 2403 medii
510 2356 761 2404 nodorum

199 2422 416 2485 aequatio
442 2440 610 2473 annua
634 2426 859 2490 460,15.

198 2491 415 2554 aequatio
442 2493 690 2543 semestris
717 2496 819 2555 ΙΙΙ,
849 2512 930 2559 33.

132 2559 479 2610 Inclinationis
505 2561 680 2611 orbitae
706 2564 771 2612 ad
798 2563 1083 2629 eclipticam

200 2628 417 2692 aequatio
444 2631 694 2681 semestris
721 2648 836 2697 459,
869 2650 946 2683 22.

65 2696 335 2746 Lunarium
393 2708 621 2748 motuum
681 2702 888 2763 theoria,
946 2720 1047 2767 qua
1104 2706 1350 2757 methodo

200 2765 500 2817 stabilienda
531 2768 594 2818 sit
618 2786 708 2834 per
732 2772 1111 2824 observationes
1139 2777 1330 2837 464,1.

674 2954 732 3002 M

66 3038 355 3102 Magnetica
390 3039 465 3089 vis
507 3056 583 3105 25,
626 3060 719 3106 23·
762 3061 874 3109 293,
913 3056 1182 3111 antepen..
1173 3068 1182 3078 ·
1231 3066 1347 3114 403,

67 3124 232 3224 Maris3
256 3122 419 3227 aegtiiIs
441 3126 662 3229 {Ocausis
700 3181 801 3231 suis
839 3182 1091 3234 derivatur
1134 3187 1238 3248 ΙΙΙ,
1269 3205 1346 3249 24,

66 3246 281 3362 Mans?
310 3260 390 3309 37

130 3389 328 3445 tempus
353 3383 664 3447 periodicum
691 3403 807 3451 393,
843 3391 915 3438 18.

131 3449 368 3500 distantia
392 3470 422 3501 a
447 3455 552 3503 sole
579 3472 693 3518 393,
726 3473 803 3506 21.

131 3519 315 3582 aphelii
339 3530 505 3571 motus
532 3540 646 3585 411,
676 3527 721 3575 8.

64 3587 292 3637 Materiae

129 3657 380 3718 quantitas
406 3658 643 3709 definitur
666 3679 712 3726 p.
749 3680 791 3713 1

127 3723 202 3772 vis
226 3724 375 3775 insita
401 3744 488 3777 seu
513 3728 588 3778 vis
613 3729 804 3782 inertiae
830 3733 1065 3784 definitur
1087 3753 1136 3800 p.
1168 3754 1211 3787 2.

127 3791 202 3841 vis
227 3792 469 3870 impressa
493 3797 727 3848 definitur
751 3817 797 3864 p.
831 3819 872 3851 2.

130 3863 369 3924 extensio,
398 3861 617 3928 durities,
658 3867 1122 3946 impenetrabilitas,
1151 3874 1347 3926 mobili-

196 3937 286 3991 tas,
312 3931 387 3981 vis
423 3932 630 3996 inertiae,
655 3938 884 4001 gravitas,
913 3957 1014 4004 qua
1048 3941 1243 3995 ratione
1275 3944 1347 3994 in-

194 4007 464 4051 notescunt
488 4005 603 4066 387,
629 4007 845 4069 penult:
874 4023 987 4073 530,
1021 4025 1095 4073 17.

1106 122 1368 175 INDEX
1401 121 1565 183 RER
1577 123 1702 174 ΠΜ

1446 289 1664 339 Materia
1710 290 1906 341 subtilis
1960 292 2361 347 Cartesianorum
2408 291 2478 343 ad
2525 308 2743 345 examen

1583 359 1845 422 quoddam
1869 369 2135 411 revocatur
2158 362 2276 424 316,
2305 377 2350 423 4.

1451 427 1783 488 Mechanicae,
1813 445 1929 493 quae
1954 428 2203 490 dicuntur,
2224 428 2468 494 potentiae
2493 428 2746 496 explican-

1584 504 1664 544 tur
1691 498 1739 546 &
1769 498 2180 548 demonstrantur
2202 515 2252 563 p.
2285 512 2344 563 15
2367 500 2415 549 δε
2447 500 2541 550 16.
2576 516 2626 565 p.
2656 501 2735 549 26.

1451 563 1690 613 Mercurii

1514 641 1715 697 tempus
1740 633 2055 698 periodicum
2082 651 2198 699 393,
2232 637 2308 685 18.

1516 700 1755 751 distantia
1779 719 1810 752 a
1834 701 1943 753 sole
1970 721 2085 768 393,
2119 721 2197 753 21.

1517 770 1704 833 aphelii
1729 781 2039 835 motus-411,
2067 775 2112 822 8.

1452 839 1733 890 Methodus

1515 907 1767 958 rationum
1793 908 2066 974 primarum
2090 912 2144 961 &
2163 909 2450 961 ultimarum
2471 912 2515 972 I,
2533 919 2654 962 sect.
2682 928 2724 962 1.

1517 978 1887 1028 transmutandi
1906 981 2088 1044 figuras
2107 979 2159 1028 in
2179 979 2319 1040 aliaS‚
2340 996 2455 1045 quae
2476 989 2593 1030 sunt
2618 981 2750 1045 ejus-

1587 1047 1707 1096 dem
1732 1047 1923 1097 ordinis
1948 1047 2187 1114 analytici
2214 1050 2256 1110 I,
2284 1050 2398 1099 lem.
2426 1066 2504 1111 22,
2525 1066 2640 1114 pag.
2664 1051 2727 1114 87

1517 1114 1796 1164 fluxionum
1823 1118 1896 1176 ΙΙ,
1923 1117 2038 1166 lem.
2072 1135 2116 1178 2,
2142 1134 2189 1182 p.
2223 1134 2334 1182 243.

1518 1182 1863 1235 differentialis
1885 1187 1989 1246 III,
2010 1187 2124 1236 lem.
2150 1200 2176 1251 5
2205 1189 2253 1237 δι
2280 1188 2327 1247 6,
2347 1203 2396 1251 p.
2419 1188 2521 1248 486
2542 1189 2589 1238 &
2609 1188 2726 1251 487.

1517 1250 1811 1303 inveniendi
1852 1270 2116 1304 curvarum
2151 1254 2381 1305 omnium
2417 1256 2748 1320 quadraturas

1587 1321 1817 1398 proxime
1841 1340 1986 1372 veras
2011 1325 2239 1386 487,16.
2300 1329 2303 1332 ’

1519 1390 1757 1440 serierum
1783 1392 2197 1457 convergentium
2222 1392 2493 1444 adhibetur
2526 1394 2594 1444 ad
2618 1395 2750 1445 solu-

1589 1459 1782 1510 tionem
1802 1462 2177 1526 problematum
2201 1462 2538 1514 difficiliorum
2559 1479 2607 1529 p.
2633 1477 2746 1528 137,

1596 1546 1707 1593 Ῑ39,
1738 1547 1850 1590 221,
1884 1545 1996 1595 255,
2025 1548 2140 1595 449·

1453 1598 1631 1648 Motus
1657 1598 1915 1663 quantitas
1941 1600 2179 1650 definitur
2201 1617 2249 1665 p.
2284 1618 2324 1651 1.

1454 1668 1629 1717 Motus
1672 1669 1937 1718 absolutus
1974 1672 2021 1720 &
2062 1669 2301 1720 relativus
2335 1687 2386 1736 p.
2428 1684 2473 1734 7,
2514 1671 2560 1733 8,
2590 1687 2636 1735 9,
2669 1687 2745 1720 10.

1590 1737 1656 1786 ab
1683 1736 1900 1787 invicem
1927 1738 2122 1789 secerni
2146 1749 2375 1804 possunt,
2403 1740 2639 1805 exemplo
2664 1740 2749 1790 de-

1590 1816 1899 1856 monstratur
1921 1825 1970 1872 p.
2006 1825 2081 1858 11.

1454 1875 1630 1924 Motus
1661 1876 1797 1940 leges
1822 1893 1871 1941 p.
1906 1893 1981 1940 13,
2010 1879 2058 1928 &
2084 1894 2224 1942 seqq.

1453 1945 1691 1993 Motuum
1718 1946 2024 2010 compositio
2050 1949 2098 1997 δε
2123 1945 2365 1997 resolutio
2390 1963 2439 2012 p.
2472 1960 2549 2011 15.

1453 2014 1629 2063 Motus
1653 2030 1924 2079 corporum
1958 2015 2396 2081 congredientium
2421 2025 2539 2081 post
2561 2014 2752 2066 reflexi-

1590 2099 1757 2144 onem,
1810 2083 1948 2149 quali
2002 2085 2349 2150 experimento
2396 2094 2534 2136 recte
2580 2083 2752 2150 colligi

1589 2163 1818 2216 possunt,
1847 2154 2131 2204 ostenditur
2158 2172 2236 2217 22,
2269 2172 2347 2205 22.

1454 2222 1630 2270 Motus
1656 2238 1926 2287 corporum

1521 2289 1573 2339 in
1600 2291 1792 2341 conicis
1819 2292 2130 2343 sectionibus
2156 2292 2449 2344 eccentricis
2477 2294 2518 2355 I,
2542 2301 2660 2343 sect.
2684 2309 2732 2358 3.

1521 2358 1573 2408 in
1599 2360 1808 2410 orbibus
1833 2361 2109 2412 mobilibus
2134 2365 2174 2424 I,
2205 2372 2323 2413 sect.
2356 2380 2401 2427 9.

1521 2428 1572 2478 in
1617 2429 1978 2494 superficiebus
2027 2431 2159 2482 datis
2201 2435 2247 2483 &
2289 2431 2751 2497 funependulorum

1590 2509 1759 2549 motus
1785 2499 2073 2565 reciprocus
2095 2503 2135 2562 Ι,
2165 2510 2284 2552 sect.
2319 2519 2394 2551 10.

1454 2568 1630 2617 Motus
1658 2585 1928 2634 corporum
1953 2569 2142 2620 viribus
2161 2569 2453 2636 centripetis
2483 2586 2537 2621 se
2573 2578 2752 2620 mutuo

1591 2637 1872 2701 petentium
1902 2641 1943 2701 I,
1972 2649 2092 2690 sect.
2128 2657 2204 2690 11.

1454 2707 1630 2756 Motus
1679 2724 1948 2772 corporum
2003 2708 2342 2771 minimorum,
2399 2724 2515 2774 quae
2563 2706 2752 2758 viribus

1589 2776 1883 2842 centripetis
1931 2778 1999 2828 ad
2047 2777 2270 2844 singulas
2318 2777 2489 2843 magni
2536 2776 2752 2842 alicujus

1590 2845 1815 2910 corporis
1847 2857 2016 2912 partes
2049 2847 2377 2899 tendentibus
2413 2846 2666 2913 agitantur
2706 2847 2749 2909 Ι,

1593 2924 1711 2964 sect.
1750 2932 1823 2977 14.

1455 2984 1629 3032 Motus
1655 3001 1927 3049 corporum
1953 2985 2138 3051 quibus
2161 2984 2406 3037 resistitur

1521 3052 1572 3101 in
1598 3053 1792 3104 ratione
1817 3055 2100 3106 velocitatis
2127 3057 2199 3117 II,
2229 3065 2348 3106 sect.
2378 3072 2417 3105 1.

1522 3121 1571 3170 in
1600 3123 1861 3187 duplicata
1878 3123 2074 3174 ratione
2099 3123 2383 3175 velocitatis
2410 3126 2482 3186 II,
2511 3134 2632 3175 sect.
2668 3139 2711 3171 2.

1520 3191 1702 3255 partim
1757 3191 1807 3241 in
1867 3193 2063 3244 ratione
2111 3193 2410 3254 velocitatis,
2466 3193 2650 3258 partim
2697 3192 2751 3243 in

1591 3262 1822 3324 ejusdem
1847 3261 2043 3313 ratione
2068 3262 2328 3328 duplicata
2347 3265 2419 3325 II,
2448 3272 2567 3313 sect.
2592 3281 2638 3329 3.

1454 3329 1629 3378 Motus

1519 3414 1789 3463 corporum
1827 3401 1936 3450 sola
1962 3399 2011 3450 vi
2050 3399 2199 3451 insita
2233 3399 2664 3466 progredientium
2697 3400 2750 3451 in

1588 3468 1769 3518 mediis
1806 3469 2156 3521 resistentibus
2186 3472 2261 3532 II,
2294 3487 2335 3533 1,
2366 3487 2410 3533 2,
2441 3484 2487 3535 5,
2515 3471 2562 3533 6,
2592 3485 2638 3535 7,
2670 3488 2769 3533 11„

1594 3554 1685 3587 12.
1676 3557 1685 3566 ·
1726 3540 1951 3601 326,16.

1519 3621 1788 3671 corporum
1824 3616 1962 3657 recta
1997 3606 2385 3659 ascendentium
2420 3609 2503 3659 vel
2541 3609 2750 3659 descen-

1588 3675 1818 3724 dentium
1858 3676 1910 3725 in
1945 3676 2128 3727 mediis
2164 3676 2527 3740 resistentibuS,
2565 3685 2750 3743 agente

1585 3742 1636 3792 vi
1671 3744 1929 3809 glavitatis
1958 3745 2197 3797 uniformi
2223 3748 2297 3809 II,
2325 3763 2372 3811 3,
2402 3748 2447 3809 8,
2478 3763 2524 3811 9,
2552 3763 2634 3809 40,
2668 3763 2745 3812 13,

1592 3828 1666 3873 14

1514 3895 1785 3944 corporum
1820 3884 2163 3947 projectorum
2196 3883 2249 3934 in
2274 3883 2456 3935 mediis
2479 3882 2750 3936 resistenti·

1584 3950 1694 4011 buS,
1723 3961 1905 4016 agente
1940 3951 1991 4003 vi
2025 3952 2283 4018 gravitatis
2315 3952 2553 4005 uniformi
2585 3955 2660 4017 ΙΙ,
2696 3969 2744 4016 4,

1590 4034 1666 4068 10.
