2852 4250
203 140 237 199 3
251 137 322 199 72
1025 123 1144 172 DE
1175 123 1414 174 MOTU
1446 123 1751 175 CORPOR
1766 124 1889 173 ΠΜ

572 357 1214 422 PROPOSITIO
1294 359 1370 422 L.
1499 357 2076 420 PROBLEMA
2158 358 2342 422 XII.

951 514 1250 575 Invenire
1273 514 1589 593 pulsuum
1618 512 1967 575 dzktantz'aS.

319 701 639 782 CorporiS,
694 701 871 783 cujus
932 712 1207 762 tremore
1267 697 1487 780 pulsus
1548 698 1920 771 excitantur,
1984 697 2345 760 inveniatur
2405 720 2708 761 numerus

198 801 624 863 vibrationum
655 800 808 862 dato
849 812 1154 880 tempore.
1283 798 1405 860 Per
1452 818 1787 860 numerum
1840 796 2018 860 illum
2063 798 2388 860 dividatur
2431 799 2707 880 spatium

199 902 373 983 quod
427 899 644 983 pulsus
698 900 927 962 eodem
977 912 1267 981 tempore
1319 920 1686 981 percurrere
1734 899 1953 981 possit,
1988 899 2050 962 &
2080 921 2227 981 pars
2277 899 2539 962 inventa
2590 901 2709 963 erit
2774 972 2790 985 ⁶

202 1001 422 1083 pulsus
454 1001 641 1063 unius
673 999 959 1063 latitudo.
1056 1000 1295 1076 QEJ.
2609 994 2612 998 ’

1287 1226 1623 1289 Scholz'um.

314 1380 627 1465 Spectant
677 1381 1146 1465 propositiones
1208 1381 1573 1445 novissimae
1626 1381 1709 1443 ad
1763 1395 2008 1444 motum
2062 1380 2218 1444 lucis
2272 1381 2334 1444 &
2386 1404 2704 1447 sonorum.

201 1483 347 1545 Lux
400 1485 570 1547 enim
624 1507 767 1546 cum
821 1496 1212 1566 propagetur
1263 1482 1617 1544 secundum
1671 1481 1871 1545 lineas
1926 1497 2147 1557 rectaS,
2183 1484 2244 1544 in
2277 1484 2528 1546 actione
2573 1483 2738 1547 sola·
2846 1479 2852 1511 ²

200 1588 341 1669 (per
398 1607 576 1667 prop.
628 1605 740 1646 XLI
803 1584 864 1646 &
925 1584 1088 1667 XLII)
1156 1584 1503 1646 consistere
1570 1583 1807 1664 nequit.
1932 1583 2089 1645 Soni
2151 1605 2307 1645 vero
2367 1597 2708 1666 propterea

195 1687 370 1768 quod
430 1709 469 1748 a
521 1686 889 1768 corporibus
951 1684 1236 1747 tremulis
1296 1685 1594 1756 oriantur,
1653 1683 1804 1744 nihil
1866 1683 2037 1745 aliud
2097 1697 2247 1746 sunt
2299 1706 2492 1766 quam
2545 1686 2709 1747 aeris

191 1785 412 1868 pulsus
473 1787 823 1870 propagati,
879 1809 995 1868 per
1045 1808 1222 1867 prop.
1277 1805 1454 1848 xL111.
1581 1785 2011 1847 Confirmatur
2063 1785 2127 1846 id
2188 1807 2270 1847 ex
2329 1787 2710 1849 tremoribus

192 1908 354 1968 quos
414 1888 695 1949 excitant
755 1888 816 1948 in
878 1887 1247 1968 corporibus
1300 1885 1580 1968 objectiS,
1637 1886 1688 1946 si
1751 1886 1945 1948 modo
1997 1886 2415 1949 vehementes
2467 1888 2595 1950 sint
2648 1888 2710 1950 &

191 2009 442 2070 graveS,
477 1987 698 2069 quales
744 2000 892 2048 sunt
937 1987 1076 2048 soni
1123 1999 1591 2067 tympanorum.
1634 2059 1636 2062 y
1691 1985 1864 2047 Nam
1911 2000 2219 2050 tremores
2266 1985 2599 2050 celeriores
2646 1988 2709 2050 &

191 2088 517 2149 breviores
571 2087 886 2149 difficilius
939 2087 1310 2149 excitantur.
1429 2086 1563 2148 Sed
1619 2086 1681 2148 8ζ
1733 2108 1928 2149 sonos
1981 2088 2265 2169 quosvis,
2323 2088 2385 2149 in
2437 2089 2707 2152 chordas

190 2191 559 2272 corporibus
612 2190 860 2252 sonoris
906 2189 1207 2251 unisonas
1263 2188 1589 2269 impactOS,
1624 2189 1902 2252 excitare
1948 2203 2257 2253 tremores
2304 2191 2706 2254 notissimum

188 2305 302 2355 est.
399 2291 830 2354 Confirmatur
859 2291 1051 2353 etiam
1084 2313 1165 2353 ex
1210 2289 1549 2353 velocitate
1595 2313 1914 2355 sonorum.
2014 2292 2187 2353 Nam
2235 2314 2378 2354 curn
2421 2293 2709 2374 pondera

187 2394 483 2477 specifica
534 2417 719 2476 aquae
774 2392 1069 2476 pluvialis
1124 2392 1187 2455 &
1238 2395 1486 2477 argenti
1541 2394 1673 2455 vivi
1726 2395 1853 2456 sint
1912 2394 1996 2456 ad
2058 2394 2331 2457 invicem
2391 2408 2463 2456 ut
2531 2416 2552 2456 1
2622 2395 2706 2457 ad

198 2495 309 2574 13}
368 2496 626 2568 circiter,
692 2494 753 2556 &
813 2495 920 2556 ubi
982 2495 1329 2556 mercurius
1391 2495 1453 2556 in
1523 2495 1903 2556 Barometro
1976 2493 2378 2557 altitudinem
2450 2496 2707 2580 attingit

187 2596 531 2680 digitorum
562 2596 992 2678 Anglicorum
1027 2616 1124 2674 30,
1159 2595 1412 2677 pondus
1457 2595 1823 2676 specificum
1868 2597 2033 2658 aeris
2080 2596 2142 2658 &
2187 2618 2372 2678 aquae
2414 2595 2708 2679 pluvialis

187 2698 315 2759 sint
345 2698 426 2759 ad
460 2698 731 2759 invicem
762 2710 833 2758 ut
874 2718 894 2757 1
936 2696 1017 2757 ad
1054 2699 1179 2775 870
1210 2697 1494 2758 circiter:
1551 2709 1738 2758 erunt
1782 2698 2069 2778 pondera
2114 2698 2409 2780 specifica
2444 2698 2608 2761 ae'ris
2644 2698 2706 2760 &

186 2798 431 2881 argenti
464 2798 595 2859 vivi
627 2810 698 2858 ut
738 2819 758 2858 1
800 2797 882 2859 ad
924 2819 944 2858 1
968 2800 1145 2874 1890.
1246 2797 1522 2859 Proinde
1568 2819 1710 2859 cum
1743 2796 2012 2860 altitudo
2053 2799 2300 2882 argenti
2346 2799 2478 2860 vivi
2509 2799 2593 2861 sit
2625 2819 2708 2878 30

179 2898 541 2980 digitorum,
603 2899 872 2960 altitudo
931 2897 1095 2960 a'e‘ris
1155 2897 1501 2970 uniformiS,
1564 2899 1741 2980 cujus
1803 2898 2056 2980 pondus
2122 2909 2336 2961 aerem
2411 2912 2699 2961 nostrum

189 2998 545 3081 subjectum
607 2999 1026 3080 comprimere
1078 3012 1315 3080 posset,
1372 2999 1491 3061 erit
1555 3004 1811 3078 356700
1870 2999 2233 3082 digitorum,
2290 3021 2403 3061 seu
2465 2999 2703 3081 pedum

186 3099 618 3181 Anglz'corum
653 3117 813 3178 2972
828 3118 880 3178 5.
977 3100 1229 3181 Estque
1260 3100 1399 3162 haec
1443 3098 1714 3162 altitudo
1746 3098 1851 3162 illa
1882 3100 2020 3182 ipsa
2058 3122 2252 3181 quam
2287 3100 2347 3161 in
2381 3113 2701 3162 construc-

185 3202 360 3265 tione
420 3203 762 3284 superioris
807 3201 1219 3283 problematis
1267 3203 1739 3265 nominavimus
1786 3202 1869 3264 A.
1983 3201 2216 3264 Circuli
2263 3203 2442 3266 radio
2491 3220 2652 3283 2972
2665 3221 2697 3283 5

184 3304 424 3386 pedum
472 3304 772 3385 descripti
822 3304 1327 3366 circumferentia
1373 3317 1473 3366 est
1516 3304 1755 3386 pedum
1798 3307 2061 3384 186768.
2158 3305 2249 3366 Et
2279 3327 2423 3367 curn
2455 3306 2699 3388 pendu-
2807 3309 2823 3320 ‘

180 3403 313 3466 lum
359 3404 595 3487 digitos
645 3403 761 3483 39}
805 3401 1068 3486 longum
1115 3404 1574 3468 oscillationem
1621 3427 1703 3468 ex
1753 3405 1842 3467 itu
1899 3405 1962 3467 8c
2014 3405 2224 3467 reditu
2279 3407 2700 3488 compositam

179 3518 470 3586 tempore
524 3503 911 3565 minutorum
964 3505 1235 3567 duorum
1289 3507 1732 3579 secundorum,
1781 3505 1871 3568 uti
1931 3518 2153 3567 notum
2208 3518 2321 3579 est,
2369 3505 2698 3581 absolvat;

178 3604 530 3688 pendulum
591 3605 791 3686 pedes
857 3624 1018 3683 2972
1033 3624 1063 3684 5
1128 3628 1241 3667 seu
1303 3607 1540 3689 digitos
1605 3627 1638 3686 3
1650 3612 1862 3686 56700
1921 3605 2184 3689 longum
2238 3606 2698 3670 oscillationem

177 3705 571 3770 consimilem
603 3718 892 3787 tempore
934 3706 1322 3768 minutorum
1364 3707 1792 3769 secundorum
1849 3705 2004 3784 190-43-
2048 3705 2384 3770 absolvere
2414 3706 2692 3769 debebit.

179 3809 284 3872 Eo
358 3809 552 3892 igitur
623 3820 914 3889 tempore
973 3829 1168 3869 sonus
1230 3808 1702 3890 progrediendo
1777 3807 2071 3870 conficiet
2143 3807 2344 3889 pedes
2428 3810 2713 3896 186768,

173 3910 448 3993 ideoque
480 3922 772 3991 tempore
804 3908 1027 3969 minuti
1060 3908 1246 3969 unius
1278 3908 1541 3969 secundi
1573 3908 1773 3989 pedes
1807 3925 1946 3987 979.
