2846 4250
190 318 454 367 corporum
477 300 936 366 circumgyrantium
971 299 1023 349 in
1046 298 1225 350 mediis
1247 297 1382 350 resis-

259 369 476 420 tentibus
502 371 574 430 ΙΙ,
600 378 716 418 sect.
745 377 813 430 4.‘

191 453 455 501 corporum
481 436 926 500 funependulorum
962 434 1014 484 in
1049 431 1226 484 mediis
1249 432 1387 483 resis-

262 502 480 553 tentibus
506 505 579 563 ΙΙ,
604 512 722 552 sect.
750 505 795 552 6.

124 571 298 620 Motus
321 573 369 621 &
390 569 667 620 resistentia
688 570 951 619 fluidorum
977 570 1050 629 II,
1074 576 1191 618 sect.
1221 581 1265 630 7.

124 639 298 687 Motus
322 654 412 701 per
433 637 587 686 fluida
609 646 910 701 propagatus
935 638 1007 696 ΙΙ,
1033 645 1150 685 sect.
1179 637 1225 684 8.

123 706 297 754 Motus
333 703 580 753 circularis
611 721 699 754 seu
724 703 1000 753 vorticosus
1023 702 1287 752 fluidorum
1312 702 1383 761 ΙΙ,

260 780 377 821 sect.
408 788 455 847 9‘.

125 839 349 887 Mundus
385 837 625 902 originem
665 853 769 887 non
804 838 958 887 habet
995 853 1057 887 ex
1091 834 1252 885 causis
1289 851 1389 884 me-

259 905 478 955 chanicis
502 922 549 969 p.
580 919 692 969 527,
717 919 794 968 25.

739 1085 788 1132 N

124 1171 340 1221 Navium
377 1170 734 1221 constructioni
769 1169 1044 1235 propositio
1071 1185 1176 1220 non
1206 1167 1391 1218 inutilis

261 1256 377 1303 324,
408 1256 483 1288 10.

741 1374 788 1423 O

126 1460 418 1526 Opticarum
451 1460 668 1510 ovalium
705 1459 942 1520 inventio,
969 1476 1118 1523 quam
1150 1461 1395 1509 Cartesius

259 1530 507 1578 celaverat
543 1530 584 1589 I,
623 1543 701 1591 97.
782 1529 1054 1577 Cartesz'ani
1073 1526 1394 1591 problematis

261 1595 537 1659 generalior
559 1595 740 1644 solutio
767 1597 807 1656 I,
837 1598 913 1658 98.

127 1662 411 1714 Orbitarum
435 1662 657 1712 inventio

193 1747 318 1794 quas
342 1747 551 1794 corpora
574 1729 883 1790 describunt3
908 1730 971 1778 de
995 1730 1110 1778 loco
1134 1730 1253 1778 dato
1278 1729 1395 1778 data

266 1815 379 1846 cum
404 1797 682 1857 velocitate,
710 1798 986 1846 secundum
1012 1798 1184 1845 datum
1209 1806 1392 1845 rectam

263 1881 488 1928 egressa;
522 1865 607 1914 ubi
632 1865 706 1913 vis
731 1864 1004 1927 centripeta
1029 1874 1104 1913 est
1141 1864 1392 1927 reciproce

257 1942 311 1981 ut
337 1934 630 1996 quadratum
658 1932 905 1981 distantiae
925 1935 970 1981 &
993 1931 1063 1980 vis
1089 1931 1217 1980 illius
1243 1947 1393 1995 quan-

259 2000 373 2049 titas
397 2001 625 2049 absoluta
649 1999 967 2063 cognoscitur
992 2002 1033 2058 I,
1060 2013 1133 2060 17.

193 2084 315 2131 quas
354 2083 563 2131 corpora
600 2067 899 2126 describunt,
936 2066 1021 2115 ubi
1056 2067 1183 2115 vires
1221 2065 1394 2115 centri-

260 2145 390 2199 petae
418 2144 531 2183 sunt
556 2134 807 2198 reciproce
833 2145 887 2183 ut
911 2133 1026 2183 cubi
1051 2133 1394 2183 distantiarum

264 2218 343 2266 51,
369 2204 482 2251 ult.:
513 2217 620 2264 127,
652 2219 743 2251 22:
787 2216 895 2265 135,
929 2218 1003 2261 14.

194 2287 319 2334 quas
353 2286 562 2333 corpora
597 2268 781 2318 viribus
808 2269 1186 2332 quibuscunque
1222 2267 1395 2318 centri-

260 2337 388 2401 petis
412 2337 597 2401 agitata
620 2337 907 2386 describunt
933 2338 973 2397 Ι,
1001 2346 1118 2386 sect.
1147 2339 1191 2384 8.

742 2496 782 2542 P

127 2584 387 2644 Parabola,
426 2600 524 2646 qua
562 2584 670 2646 lege
706 2581 780 2631 vis
822 2580 1108 2645 centripetae
1146 2579 1397 2630 tendentis

262 2650 658 2700 ad'umbilicum
700 2651 867 2714 figurae
903 2649 1195 2698 describitur
1228 2665 1259 2697 a
1296 2665 1400 2698 cor-

264 2735 385 2781 pore
409 2719 695 2767 revolvente
722 2720 763 2777 I,
795 2734 869 2780 13.

130 2787 468 2835 Pendulorum
506 2785 793 2834 affectiones
819 2782 1127 2848 explicantur
1151 2785 1192 2844 Ι,
1217 2797 1294 2846 50,
1319 2797 1396 2847 51,

269 2867 347 2917 52,
378 2867 438 2916 53
466 2872 476 2902 :
515 2855 586 2913 ΙΙ,
615 2861 733 2902 sect.
761 2854 804 2900 6.

131 2922 470 2971 Pendulorum
516 2919 891 2969 isochronorum
946 2917 1281 2982 longitudines
1332 2917 1402 2966 di—

265 3003 419 3038 versae
457 2987 509 3036 in
550 2987 755 3037 diversis
796 2988 1019 3035 locorum
1060 2984 1402 3034 latitudinibus

267 3055 395 3105 inter
431 3072 485 3105 se
525 3056 858 3114 conseruntur,
902 3064 1006 3103 turn
1047 3070 1136 3117 per
1176 3055 1403 3102 observa-

268 3123 445 3183 tioneS,
483 3132 589 3172 tum
621 3139 710 3187 per
737 3122 980 3172 theoriam
1010 3119 1262 3185 gravitatis
1299 3122 1400 3180 III,

272 3207 347 3239 20.

133 3256 527 3322 Philosophandi
551 3257 730 3321 regulae
754 3273 801 3321 p.
830 3259 943 3320 38¹7.

134 3326 354 3374 Planetae

199 3408 306 3442 non
331 3392 618 3441 deferuntur
650 3407 682 3440 a
715 3390 984 3441 vorticibus
1009 3390 1261 3454 corporeis
1286 3393 1399 3455 382,

269 3476 359 3522 31:
396 3461 509 3522 384,
540 3476 634 3508 22:
673 3460 783 3522 526,
813 3475 892 3522 32.

207 3525 429 3575 Primarii

272 3594 430 3642 solem
454 3592 658 3657 cingunt
682 3610 795 3656 392,
827 3610 902 3642 21.

269 3669 533 3710 moventur
557 3660 607 3708 in
627 3660 881 3724 ellipsibus
906 3660 1197 3710 umbilicum
1220 3661 1405 3711 haben-

338 3727 469 3777 tibus
493 3726 543 3776 in
569 3737 742 3777 centro
766 3727 884 3777 solis
910 3730 1013 3788 III,
1039 3745 1112 3791 13.

270 3794 420 3843 radiis
453 3795 520 3844 ad
558 3797 716 3844 solem
752 3794 913 3844 ductis
945 3796 1231 3845 describunt
1266 3812 1404 3845 areas

338 3861 643 3978 tIeIrpporibus
700 3861 1098 3927 proportionales
1158 3879 1272 3927 394,
1347 3879 1405 3911 2:

432 3966 446 3989 ,
478 3946 552 3992 13.

1147 110 1407 187 INDEX
1438 134 1598 184 RER
1610 136 1733 186 ΠΜ.

2624 153 2739 215 535

1616 297 1922 374 temporibus
1961 297 2225 363 periodicis
2264 301 2595 360 revolvuntur,
2631 317 2744 365 quae

1684 374 1799 415 sunt
1843 365 1896 414 in
1941 366 2291 430 sesquiplicata
2328 367 2520 418 ratione
2559 367 2745 418 distan-

1685 432 1862 481 tiarum
1885 449 1916 482 a
1940 435 2044 484 sole
2060 451 2174 496 392,
2204 451 2262 484 2:
2300 437 2399 495 ΙΙΙ,
2424 451 2481 497 13
2508 438 2555 485 &
2580 437 2621 495 Ι,
2648 449 2722 511 15.

1616 498 1888 548 retinentur
1917 500 1968 549 in
1993 501 2196 550 orbibus
2231 501 2330 550 suis
2355 518 2385 550 a
2406 501 2456 551 vi
2476 501 2742 565 gravitatiS,

1685 582 1797 630 quae
1804 560 2019 630 respicit
2031 568 2224 629 solem,
2250 571 2297 618 δε
2321 577 2396 618 est
2416 567 2668 633 reciproce
2690 578 2748 619 ut

1686 635 1980 696 quadratum
2018 633 2266 685 distantiae
2297 637 2362 685 ab
2397 635 2550 700 ipsius
2573 645 2746 686 centro

1688 702 1790 760 ΙΙΙ,
1822 718 1864 761 2,
1890 715 1933 765 5.

1552 767 1840 817 Secundarii

1620 844 1881 884 moventur
1904 834 1955 883 in
1980 834 2233 900 ellipsibus
2251 835 2540 885 umbilicum
2562 837 2747 887 haben-

1689 901 1820 951 tibus
1843 901 1895 950 in
1919 912 2090 952 centro
2113 902 2453 967 primariorum
2480 905 2579 964 III,
2610 921 2685 952 22.

1621 968 1768 1018 radiis
1787 970 1851 1018 ad
1875 969 2131 1033 primarios
2150 987 2265 1020 suos
2284 970 2445 1019 ductis
2464 970 2751 1021 describunt

1689 1052 1826 1085 areas
1862 1037 2165 1100 temporibus
2199 1037 2592 1102 proportionales
2633 1055 2747 1101 390,

1691 1120 1752 1166 3·
1789 1121 1900 1165 391
1933 1121 2024 1163 24:
2062 1121 2174 1167 394
2207 1121 2297 1165 14·
2334 1107 2434 1164 III
2466 1122 2542 1153 22

1623 1170 1926 1245 temporibus
1966 1170 2230 1234 periodicis
2270 1173 2598 1232 revolvuntur,
2637 1187 2750 1235 quae

1692 1247 1806 1286 sunt
1840 1237 1891 1286 in
1916 1238 2264 1313 sesquiplicata
2286 1238 2476 1288 ratione
2500 1238 2750 1288 distantia—

1691 1321 1798 1352 rum
1823 1305 2115 1368 aprimariis
2151 1305 2250 1355 suis
2275 1322 2388 1369 390,
2416 1323 2476 1368 3:
2514 1323 2627 1369 391,
2658 1322 2749 1366 24:

1694 1373 1793 1431 III,
1826 1389 1901 1430 22,
1929 1375 1974 1422 81
2002 1375 2041 1433 Ι,
2076 1386 2148 1435 15.

1624 1438 1895 1488 retinentur
1928 1439 1979 1487 in
2016 1440 2216 1488 orbibus
2241 1438 2340 1488 suis
2364 1456 2394 1487 a
2416 1438 2464 1487 vi
2487 1438 2751 1503 gravitatis,-

1694 1522 1805 1568 quae
1829 1506 2028 1569 respicit
2051 1506 2320 1570 primarios,
2340 1509 2386 1555 &
2406 1516 2480 1555 est
2503 1507 2754 1570 reciproce

1692 1582 1748 1621 ut
1772 1574 2067 1636 quadratum
2092 1573 2337 1622 distantiae
2362 1575 2426 1622 ab
2451 1590 2620 1623 eorum
2644 1590 2756 1623 cen-

1695 1639 1779 1688 tris
1806 1642 1906 1701 III,
1940 1656 1980 1701 1,
2003 1657 2048 1704 3,
2076 1657 2120 1701 4,
2152 1654 2194 1703 5.

1493 1708 1807 1756 Planetarum

1558 1784 1783 1837 tempora
1806 1774 2060 1838 periodica
2085 1791 2198 1838 393,
2231 1777 2305 1824 18.

1559 1842 1804 1891 distantiae
1829 1859 1859 1890 a
1883 1844 1986 1891 sole
2011 1860 2124 1905 393,
2155 1860 2230 1891 21.

1558 1909 1752 1959 orbium
1799 1909 1995 1973 aphelia
2041 1914 2087 1959 &
2135 1908 2256 1959 nodi
2295 1925 2452 1974 prope
2494 1908 2755 1973 quiescunt

1628 1979 1730 2036 III,
1763 1993 1834 2036 14.

1559 2045 1704 2093 orbes
1730 2043 2118 2093 determinantur
2143 2046 2243 2104 ΙΙΙ,
2276 2045 2349 2107 15,
2384 2045 2456 2092 16.

1560 2113 1672 2160 loca
1696 2111 1746 2159 in
1772 2112 1974 2160 orbibus
1999 2111 2314 2160 inveniuntur
2339 2114 2380 2171 Ι,
2407 2128 2486 2173 31.

1560 2178 1779 2228 densitas
1815 2178 1980 2239 calori,
2009 2195 2158 2241 quem
2195 2196 2225 2228 a
2260 2180 2364 2228 sole
2398 2177 2654 2242 recipiunt,
2681 2194 2759 2227 ac·

1628 2247 1974 2294 commodatur
1998 2260 2111 2309 405,
2140 2263 2217 2308 33.

1560 2313 1910 2362 conversiones
1957 2313 2146 2362 diurnae
2194 2322 2308 2362 sunt
2348 2312 2617 2376 aequabiles
2656 2314 2758 2373 III,

1636 2395 1709 2442 17.

1561 2464 1678 2497 axes
1715 2457 1829 2496 sunt
1863 2446 2078 2496 minores
2115 2446 2380 2507 diametris,
2417 2463 2528 2511 quae
2559 2447 2624 2496 ad
2654 2463 2759 2496 eos-

1630 2516 1747 2564 dem
1771 2529 1887 2563 axes
1913 2515 2197 2564 normaliter
2220 2516 2468 2564 ducuntur
2492 2517 2592 2575 III,
2626 2517 2700 2564 18.

1497 2583 1729 2633 Pondera
1753 2599 2015 2645 corporum

1563 2650 1615 2699 in
1642 2659 1818 2699 terram
1845 2651 1923 2699 vel
1949 2651 2106 2699 solem
2129 2651 2208 2699 vel
2237 2650 2488 2713 planetam
2519 2647 2758 2712 quemvis,

1632 2717 1834 2780 paribus
1859 2716 2103 2766 distantiis
2133 2719 2197 2766 ab
2227 2733 2397 2766 eorum
2426 2716 2621 2777 centris,
2649 2725 2763 2765 sunt

1632 2793 1687 2833 ut
1739 2784 2039 2847 quantitates
2090 2784 2308 2834 materiae
2367 2783 2418 2832 in
2471 2784 2761 2848 corporibus

1634 2854 1736 2911 III,
1764 2854 1808 2899 6.

1565 2936 1668 2969 non
1704 2920 1927 2982 pendent
1961 2920 2025 2968 ab
2062 2935 2233 2968 eorum
2268 2917 2436 2968 formis
2474 2921 2520 2968 &
2559 2916 2760 2968 texturis

1635 3003 1748 3047 402,
1777 2989 1821 3034 8.

1566 3054 1615 3103 in
1650 3053 1853 3103 diversis
1889 3062 2028 3102 terrae
2061 3052 2344 3116 regionibus
2379 3051 2695 3102 inveniuntur
2717 3055 2764 3103 δε

1635 3121 1762 3170 inter
1787 3138 1839 3171 se
1864 3131 2214 3185 comparantur
2239 3123 2341 3181 III,
2373 3138 2449 3170 20.

1501 3188 1828 3239 Problematis

1567 3256 1852 3319 Kepleriani
1889 3255 2070 3305 solutio
2111 3272 2199 3318 per
2238 3254 2547 3305 trochoidem
2588 3257 2635 3304 δε
2675 3271 2765 3319 per

1637 3322 2090 3387 approximationes
2117 3325 2157 3383 I,
2186 3340 2263 3385 31.

1581 3392 1792 3441 Veterum
1819 3391 1882 3439 de
1907 3400 2118 3453 quatuor
2141 3389 2296 3449 lineis,
2323 3405 2353 3437 a
2379 3389 2549 3452 Pappa
2579 3405 2764 3438 memo-

1634 3458 1740 3518 rati,
1767 3475 1797 3506 a
1827 3459 2038 3507 Cartesio
2061 3473 2149 3520 per
2164 3457 2407 3505 calculum
2425 3455 2760 3519 algebraicum

1636 3525 1824 3585 tentati,
1852 3523 2149 3588 compositio
2181 3522 2481 3588 geometrica
2520 3537 2599 3585 77,
2628 3531 2762 3573 ante-

1673 3594 1824 3642 enult.

1502 3610 1797 3724 Projeliztilia,
1825 3658 2041 3722 seposita
2074 3657 2227 3707 medii
2261 3656 2548 3717 resistentia,
2575 3656 2765 3707 moveri

1636 3727 1688 3776 in
1746 3727 1982 3790 parabola
2032 3724 2276 3789 colligitur
2325 3741 2399 3784 22,
2451 3741 2511 3787 3:
2574 3738 2650 3787 54,
2703 3739 2765 3788 5.

1643 3811 1754 3854 221,
1785 3811 1879 3856 23:
1919 3795 2029 3856 256,
2061 3809 2135 3855 23.

1505 3861 1839 3925 Projectilium
1887 3871 2051 3910 motus
2098 3860 2149 3908 in
2199 3858 2376 3909 mediis
2426 3857 2764 3908 resistentibus

1643 3931 1714 3989 II,
1742 3945 1787 3989 4,
1821 3945 1895 3977 10.
