2852 4250
1004 81 1121 131 DE
1153 81 1274 133 ΜΟ
1282 81 1393 132 TU
1423 81 1471 133 C
1472 81 1730 133 ORPOR
1741 81 1866 132 UM

187 91 313 166 364

185 239 321 314 Vis,
384 258 513 320 qua
588 247 799 298 motus
866 254 1052 315 aquae
1111 230 1371 295 alternis
1431 231 1680 294 vicibus
1746 227 2134 296 acceleratur
2194 232 2258 296 8c
2316 234 2688 310 retardatur,
2760 248 2763 249 ’

183 351 284 401 est
352 357 652 400 excessus
711 333 1013 416 ponderis
1073 352 1259 413 aquae
1320 330 1383 391 in
1443 327 1748 394 alterutro
1812 354 1993 397 crure
2050 354 2245 416 supra
2312 334 2566 416 pondus
2626 336 2708 398 in>
2788 324 2792 386 ἶ

181 438 399 511 altero,
432 436 723 517 ideoque,
765 434 874 495 ubi
922 454 1091 514 aqua
1139 431 1201 493 in
1251 452 1431 492 crure
1476 430 1560 491 K
1570 431 1632 492 L
1681 431 1971 495 ascendit
2016 431 2100 495 ad
2129 433 2291 507 EF,
2324 432 2388 496 8z
2418 433 2482 495 in
2512 454 2694 497 crure
2792 455 2795 475 1

181 539 382 602 altero
413 535 744 599 descendit
773 533 856 595 ad
893 532 1049 605 GH,
1082 531 1180 592 vis
1212 528 1316 591 illa
1346 543 1446 592 est
1474 529 1728 611 pondus
1758 530 2151 614 duplicatum
2186 554 2372 616 aquae
2402 534 2539 596 EA
2547 534 2695 621 BF,
2794 536 2800 626 ’Δ

186 639 617 721 &propterea
647 647 746 696 est
767 633 851 695 ad
885 631 1138 714 pondus
1169 651 1355 712 aquae
1387 630 1581 692 totius
1605 643 1677 692 ut
1718 632 1789 693 A
1814 633 1887 694 E
1926 654 2042 696 seu
2086 635 2153 696 P
2175 634 2235 711 Q
2266 634 2350 697 ad
2412 635 2478 696 V
2484 636 2551 697 P
2579 656 2694 697 seu

182 1942 346 2004 PR.
449 1940 569 2002 Vis
618 1939 828 2011 etiam,
885 1960 1015 2020 qua
1061 1936 1318 2019 pondus
1370 1938 1436 1998 P
1488 1937 1552 1999 in
1606 1934 1747 1999 loco
1800 1937 2031 2019 quovis
2087 1938 2146 2015 Q
2199 1936 2587 2002 acceleratur
2638 1938 2701 2002 81

188 2040 546 2103 retardatur
616 2040 678 2100 in
740 2037 1025 2120 cycloide
1086 2037 1229 2119 (per
1279 2034 1466 2099 corol.
1531 2058 1710 2118 prop.
1777 2035 1867 2120 LI)
1924 2051 2024 2100 est
2082 2038 2165 2100 ad
2226 2039 2364 2122 ejus
2443 2040 2700 2121 pondus

184 2155 406 2214 totum,
441 2154 511 2201 ut
548 2140 686 2223 ejus
737 2139 1040 2201 distantia
1087 2139 1232 2215 PQ
1282 2161 1321 2200 a
1369 2137 1509 2201 loco
1555 2137 1775 2201 infimo
1822 2139 1888 2200 P
1934 2140 2018 2201 ad
2074 2139 2377 2223 cycloidis
2425 2139 2700 2225 longitu-
2803 2130 2846 2217 Ξ

183 2242 398 2303 dinem
451 2241 618 2301 PR.
745 2238 966 2317 Quare
1026 2260 1212 2320 aquae
1276 2238 1338 2300 ἃ
1398 2238 1677 2321 penduli,
1731 2238 2002 2321 aequalia
2060 2241 2268 2323 spatia
2317 2242 2389 2303 A
2417 2242 2503 2317 E,
2551 2241 2702 2320 PQ
2802 2237 2852 2271 '¹'

183 2340 694 2413 describentium,
750 2339 919 2401 vires
970 2337 1268 2401 motrices
1319 2353 1469 2402 sunt
1521 2352 1593 2401 ut
1639 2339 1929 2421 pondera
1977 2341 2300 2403 movenda
2323 2364 2340 2416 3
2407 2342 2699 2425 ideoque,

183 2442 236 2502 si
296 2463 465 2523 aqua
526 2440 587 2502 &
647 2437 1018 2521 pendulum·
1054 2440 1118 2501 in
1172 2439 1484 2522 principio
1544 2441 1896 2523 quiescunt,
1946 2442 2116 2504 vires
2178 2441 2301 2506 illae
2350 2445 2704 2508 movebunt

184 2543 411 2605 eadem
444 2540 775 2623 aequaliter
805 2542 1199 2622 temporibus
1231 2541 1603 2624 aequalibuS,
1634 2542 2040 2626 efficientque
2069 2557 2141 2606 ut
2171 2557 2348 2608 motu
2380 2546 2704 2629 reciproco

187 2644 373 2706 simul
406 2657 557 2706 eant
589 2643 651 2704 &
682 2642 963 2704 redeant.
1062 2643 1136 2719 Q.
1149 2644 1231 2705 E.
1246 2645 1334 2706 D.

307 2745 510 2807 Corol.
572 2765 619 2806 1.
685 2743 890 2826 Igitur
936 2765 1122 2825 aquae
1176 2744 1581 2807 ascendentis
1643 2743 1706 2806 &
1764 2743 2229 2821 descendentiS‚
2291 2746 2431 2809 sive
2490 2759 2702 2810 motus
2788 2788 2794 2797 ι

188 2845 493 2907 intensior
523 2843 606 2905 sit
635 2844 772 2905 sive
804 2843 1140 2918 remissior,
1174 2847 1348 2908 vices
1372 2867 1598 2908 omnes
1629 2858 1779 2907 sunt
1810 2845 2178 2909 isochronae.

309 2945 511 3006 Corol.
553 2965 605 3006 2.
658 2944 729 3005 Si
754 2942 1090 3026 longitudo
1114 2969 1302 3028 aquae
1326 2947 1522 3009 totius
1548 2947 1610 3008 in
1636 2944 1837 3008 canali
1862 2947 1944 3008 sit
1967 2947 2205 3028 pedum
2235 2948 2705 3012 Parzkz‘ensium

191 3045 312 3111 6}:
389 3067 558 3126 aqua
617 3057 907 3125 tempore
967 3046 1195 3108 minuti
1257 3048 1445 3109 unius
1520 3047 1783 3109 secundi
1857 3047 2226 3125 descendet,
2290 3047 2353 3110 &
2414 3062 2704 3130 tempore
2791 3051 2795 3056 ’

190 3147 421 3208 minuti
462 3144 719 3207 alterius
761 3145 1024 3206 secundi
1066 3148 1406 3221 ascendet;
1454 3147 1517 3210 &
1565 3148 1655 3209 sic
1692 3146 1999 3230 deinceps
2047 3148 2293 3211 vicibus
2333 3147 2593 3211 alternis
2639 3149 2703 3213 in

189 3247 522 3309 infinitum.
622 3246 796 3306 Nam
835 3245 1186 3326 pendulum
1232 3249 1471 3330 pedum
1522 3247 1632 3328 31³&
1676 3246 2093 3332 longitudinis
2142 3262 2432 3332 tempore
2477 3249 2703 3312 minuti

187 3349 376 3410 unius
408 3347 673 3410 secundi
707 3345 1045 3409 oscillatur.

310 3451 512 3512 Corol.
554 3469 606 3528 3.
657 3448 873 3509 Aucta
902 3461 1117 3510 autem
1154 3447 1258 3510 vel
1290 3449 1605 3512 diminuta
1634 3447 2034 3534 longitudine
2064 3472 2267 3532 aquae,
2299 3462 2571 3534 augetur
2598 3448 2703 3513 vel

190 3550 564 3612 diminuitur
594 3562 846 3631 tempus
878 3549 1391 3630 reciprocationis
1423 3550 1486 3612 in
1518 3548 1942 3635 longitudinis
1967 3550 2213 3614 ratione
2242 3549 2700 3632 subduplicata.
