2846 4250
214 67 218 69 r
244 57 254 67 0

217 72 251 98 3⁵:
267 71 274 101 ’.

1122 121 1365 173 LIBER
1401 119 1744 172 TERTIUS.
2536 139 2661 202 473
2740 189 2742 192 y

220 260 361 356 tent
412 284 970 352 circumferentiam
1027 282 1237 346 circuli
1293 283 1647 365 aequatoriS,
1706 281 1892 363 eique
1954 282 2360 347 inhaerentem
2416 299 2661 360 terram,

220 391 452 454 circum
505 405 692 449 axem
748 397 879 447 tam
936 384 1001 445 in
1058 381 1249 464 plano
1305 381 1410 444 illo
1469 381 1528 458 Q
1550 381 1620 442 R
1689 402 1879 461 quam
1952 381 2015 442 in
2085 380 2275 463 plano
2330 387 2664 465 aequatoris

90 546 94 554 .
213 489 544 572 jacentem.

1112 658 1545 722 LEMMA
1654 659 1779 721 11.

329 816 556 878 Iisdem
567 814 794 896 positis·
814 839 835 876 .-
875 813 1005 875 dico
1031 811 1281 875 secundo
1323 811 1491 893 quod
1524 811 1617 874 vis
1663 813 1746 877 ὢ*
1771 810 2029 891 efficacia
2057 819 2184 873 tota
2196 813 2670 894 particularum

223 930 502 993 omnium
528 935 705 990 extra
719 928 976 1010 globum
1002 926 1276 1008 undique
1291 927 1561 988 sitarum
1589 927 1680 988 ad
1701 935 1938 989 terram
1964 929 2195 991 circum
2222 952 2395 991 axem
2422 933 2672 994 eundem

226 1041 555 1104 rotandum
581 1041 667 1103 sit
691 1039 783 1101 ad
803 1039 929 1101 vim
958 1046 1150 1100 totam
1163 1038 1643 1119 particularum
1687 1039 1947 1114 totidem,
1978 1040 2049 1101 in
2076 1043 2405 1121 aequatoris
2444 1044 2672 1105 circulo

228 1157 294 1219 A
317 1157 374 1218 E
407 1154 953 1236 unifhrmiterper
978 1163 1173 1216 totum
1214 1142 1544 1215 circuitum
1585 1154 1655 1215 in
1697 1175 1924 1215 morem
1965 1157 2199 1218 annuli
2218 1157 2674 1237 dispositarum,

225 1269 318 1332 ad
336 1278 574 1332 terram
601 1268 908 1331 consimili
929 1276 1099 1330 motu
1127 1267 1431 1329 circulari
1453 1267 1823 1343 movendam,
1854 1274 1929 1327 ut
1952 1266 2073 1328 duo
2099 1268 2191 1328 ad
2206 1269 2484 1350 quinque.

345 1451 446 1514 Sit
494 1451 662 1513 enirn
711 1450 852 1511 JK
894 1448 1157 1511 circulus
1208 1447 1471 1529 quilibet
1520 1447 1724 1509 minor
1772 1450 2074 1529 aequatori
2117 1451 2186 1510 A
2208 1450 2279 1510 E
2332 1448 2678 1530 paralleluS,

230 1551 479 1631 sintque
508 1550 588 1623 L,
620 1550 654 1610 l
675 1547 993 1630 particulae
1022 1548 1166 1609 duae
1191 1546 1432 1628 quaevis
1454 1545 1729 1626 aequales
1753 1546 1814 1606 in
1838 1547 1957 1608 hoc
1979 1546 2205 1608 circulo
2228 1561 2404 1608 extra
2423 1547 2681 1629 globum

229 1649 457 1728 Pape
503 1647 657 1709 sitae.
769 1646 859 1707 Et
907 1646 960 1707 si
1010 1647 1072 1707 in
1123 1643 1382 1726 planum
1435 1643 1601 1718 QR,
1654 1644 1827 1723 quod
1884 1644 2060 1705 radio
2118 1645 2180 1704 in
2238 1644 2435 1706 solem
2494 1647 2683 1708 ducto

230 1744 744 1828 perpendiculare
791 1758 904 1817 est,
953 1745 1364 1806 demittantur
1408 1740 1853 1822 perpendicula
1900 1744 1961 1803 L
1982 1744 2081 1815 M
2113 1745 2146 1804 l
2161 1766 2261 1805 m.-
2305 1745 2469 1805 vires
2517 1758 2682 1817 totae,

234 1846 460 1926 quibus
533 1842 853 1925 particulae
913 1842 1033 1905 illae
1090 1842 1339 1925 fugiunt
1395 1839 1651 1921 planum
1716 1841 1872 1915 QR,
1943 1842 2436 1922 proportionales
2507 1857 2688 1904 erunt

233 1940 694 2024 perpendiculis
724 1939 842 2003 illis
870 1942 1043 2014 LM,
1075 1942 1108 2002 l
1122 1962 1201 2003 m.
1278 1939 1378 2000 Sit
1406 1950 1617 1999 autern
1648 1950 1815 1999 recta
1843 1939 1949 2000 Ll
1970 1938 2157 2020 plano
2178 1941 2373 2020 Pape
2396 1940 2689 2021 parallela

253 3454 315 3517 &
342 3455 653 3516 bisecetur
680 3451 903 3515 eadem
935 3450 997 3511 in
1027 3450 1117 3525 X,
1151 3450 1212 3514 &
1241 3472 1355 3532 per
1383 3466 1683 3533 punctum
1712 3454 1789 3514 X
1816 3467 2039 3536 agatur
2065 3456 2203 3528 Nn,
2237 3478 2377 3536 quae
2407 3453 2698 3535 parallela

252 3553 335 3613 sit
363 3551 551 3632 plano
600 3551 744 3626 QR
792 3549 853 3610 &
899 3548 1357 3629 perpendiculis
1403 3550 1584 3622 LM,
1635 3551 1745 3611 lm
1791 3560 2071 3613 occurrat
2117 3553 2179 3611 in
2224 3553 2311 3611 N
2349 3574 2421 3614 ac
2450 3574 2508 3622 n,
2543 3551 2695 3611 &in

255 3648 511 3730 planum
545 3650 602 3724 Q
621 3650 688 3709 R
717 3648 1084 3709 demittatur
1110 3647 1623 3728 perpendiculum
1651 3649 1729 3708 X
1743 3650 1814 3711 Y.
1909 3650 1997 3710 Et
2024 3647 2459 3729 particularum
2488 3650 2547 3708 L
2584 3648 2645 3709 &
2676 3650 2710 3709 l

254 3748 422 3809 vires
471 3746 796 3808 contrariae
848 3745 930 3806 ad
981 3757 1210 3806 terram
1271 3746 1334 3806 in
1392 3746 1730 3807 contrarias
1786 3760 1995 3826 partes
2054 3746 2378 3807 rotandam
2435 3760 2582 3807 sunt
2631 3759 2702 3808 ut

259 3843 2565 3917 LMxMC&lm>‹mC,hocest,utLN>‹MC÷NM›<MC&
2608 3847 2700 3906 ln
