2852 4250
174 130 295 201 296
993 127 1108 176 DE
1142 128 1380 179 MOTU
1405 127 1712 180 CORPOR
1724 128 1840 178 ΠΜ

174 291 459 353 infimum
506 292 643 375 ejus
688 304 1029 373 punctum;
1078 292 1140 354 &
1185 293 1305 354 erit
1349 292 1447 354 vis
1493 290 1898 354 acceleratrix
1927 309 2072 374 ‘qua
2131 314 2362 375 corpus
2420 298 2682 380 urgetur

174 392 237 453 in
282 390 423 454 loco
468 392 698 473 quovis
742 393 816 453 D
858 390 961 453 vel
1006 392 1057 453 d
1093 390 1195 454 vel
1240 392 1312 452 E
1354 404 1425 453 ut
1468 389 1804 473 longitudo
1848 413 2031 453 arcus
2082 393 2141 454 C
2150 394 2225 454 D
2266 392 2371 456 vel
2421 396 2481 458 C
2490 397 2542 458 d
2576 397 2680 460 vel

179 492 238 553 C
247 493 329 556 E.
426 491 808 579 Exponatur
851 491 949 552 vis
1005 488 1110 552 illa
1153 512 1269 572 per
1313 490 1588 551 eundem
1629 512 1880 566 arcum;
1930 491 1992 552 8c
2036 513 2180 553 cum
2212 493 2571 558 resistentia
2599 498 2684 559 sit

169 604 240 653 ut
292 604 686 653 momentum
739 590 1058 671 temporiS,
1116 590 1390 670 ideoque
1442 588 1643 661 detur,
1693 603 2052 670 exponatur
2102 592 2330 654 eadem
2393 616 2511 675 per
2561 596 2674 659 da.-

173 705 305 752 tam
336 713 517 752 arcus
548 688 847 771 cycloidis
878 701 1125 769 partem
1163 689 1308 762 CO,
1356 688 1418 749 &
1462 701 1749 750 sumatur
1791 712 1973 752 arcus
2024 692 2151 754 Od
2187 693 2250 754 in
2297 695 2541 757 ratione
2599 697 2683 759 ad

173 813 388 852 arcum
426 791 485 852 C
494 791 568 851 D
597 811 788 870 quam
820 789 1015 849 habet
1044 810 1226 849 arcus
1262 788 1404 849 OB
1443 788 1526 849 ad
1572 810 1787 850 arcum
1826 791 1998 854 CB:
2044 791 2107 853 &
2136 793 2236 854 vis
2282 815 2410 875 qua
2453 816 2683 877 corpus

173 891 236 951 in
275 892 327 952 d
347 902 608 973 urgetur
638 890 701 950 in
743 889 957 950 medio
1002 887 1354 963 resistente,
1389 909 1533 948 cum
1579 888 1663 949 sit
1707 910 2006 951 excessus
2051 892 2151 953 vis
2203 893 2262 955 C
2270 894 2322 954 d
2356 915 2550 975 supra
2592 918 2686 958 re-

169 990 524 1052 sistentiam
579 990 636 1050 C
654 989 725 1061 0,
774 1000 1130 1069 exponetur
1173 1009 1288 1068 per
1331 1009 1546 1048 arcum
1598 989 1728 1062 Od,
1774 990 2048 1072 ideoque
2093 993 2213 1053 erit
2251 993 2333 1054 ad
2365 994 2512 1068 vim,
2557 1017 2686 1077 qua

171 1111 398 1170 corpus
443 1090 516 1149 D
559 1101 821 1171 urgetur
866 1088 928 1149 in
975 1087 1188 1148 medio
1234 1107 1361 1148 non
1409 1088 1743 1150 resistente
1790 1089 1853 1149 in
1899 1088 2039 1153 loco
2083 1092 2171 1165 D,
2219 1105 2290 1154 ut
2334 1115 2515 1156 arcus
2565 1096 2692 1157 Oa'

170 1189 252 1249 ad
298 1211 513 1250 arcum
566 1189 624 1250 C
634 1189 748 1261 D‚·
794 1187 855 1249 &
901 1200 1239 1269 propterea
1284 1187 1476 1248 etiam
1524 1189 1586 1249 in
1633 1188 1773 1251 loco
1816 1190 1884 1250 B
1927 1202 1998 1251 ut
2041 1212 2223 1253 arcus
2273 1193 2423 1278 OB·
2458 1193 2540 1254 ad
2586 1215 2682 1255 ar-

171 1311 314 1350 cum
369 1290 518 1351 CB.
615 1288 891 1350 Proinde
944 1289 995 1349 si
1047 1310 1312 1369 corpora
1360 1288 1506 1362 duo,
1561 1290 1648 1363 D,
1695 1289 1747 1351 d
1781 1302 2014 1351 exeant
2058 1291 2141 1353 de
2186 1291 2325 1355 loco
2369 1293 2450 1366 B,
2485 1293 2548 1355 &
2585 1293 2685 1355 his

170 1389 411 1450 viribus
457 1401 843 1471 urgeantur:
891 1410 1034 1450 eum
1080 1389 1249 1450 vires
1295 1390 1415 1450 sub
1462 1390 1639 1452 initio
1684 1390 1811 1451 sint
1855 1404 1925 1452 ut
1984 1411 2166 1452 arcus
2218 1392 2354 1454 CB
2399 1393 2461 1455 ἃ
2525 1394 2681 1468 OB,
2778 1463 2785 1466 ,

172 1501 357 1549 erunt
386 1486 758 1550 velocitates
803 1489 1026 1569 primae
1075 1488 1137 1550 &
1181 1511 1363 1551 arcus
1409 1490 1616 1571 primo
1661 1490 1960 1572 descripti
2022 1491 2085 1552 in
2139 1493 2366 1555 eadem
2419 1494 2678 1557 ratione.
2754 1480 2758 1485 ’

173 1588 381 1650 Sunto
427 1610 609 1649 arcus
657 1587 742 1650 illi
788 1590 945 1649 BD
991 1588 1052 1650 ἃ
1096 1589 1236 1663 Bd,
1272 1589 1334 1651 8c
1379 1612 1561 1652 arcus
1608 1588 1831 1672 reliqui
1885 1592 1943 1653 C
1954 1592 2043 1667 D,
2083 1592 2209 1653 Od
2243 1606 2431 1655 erunt
2475 1594 2538 1655 in
2584 1616 2685 1657 ea-

171 1687 319 1748 dem
352 1688 610 1750 ratione.
729 1688 1003 1751 Proinde
1035 1688 1203 1751 vires
1236 1689 1389 1770 ipsis
1426 1690 1484 1752 C
1496 1691 1582 1764 D,
1623 1691 1747 1752 Od
1782 1690 2289 1772 proportionales
2335 1695 2684 1756 manebunt

1247 2852 1277 2892 6
1386 2852 1420 2893 C
1541 2847 1578 2887 O

170 2975 232 3035 in
280 2975 505 3038 eadem
559 2980 802 3041 ratione
850 3002 923 3042 ac
975 2983 1095 3043 sub
1149 2984 1342 3058 initio,
1400 2985 1461 3046 &
1508 2999 1848 3068 propterea
1893 2985 2159 3072 corpora
2202 3007 2475 3078 pergent
2503 3017 2685 3057 arcus

173 3076 237 3136 in
291 3077 516 3138 eadem
571 3080 814 3142 ratione
866 3081 1051 3143 simul
1106 3083 1481 3149 describere.
1603 3089 1810 3172 Igitur
1859 3090 2029 3152 vires
2084 3091 2145 3153 ἃ
2197 3092 2569 3156 velocitates
2623 3093 2686 3156 8c

172 3195 354 3236 arcus
400 3174 624 3258 reliqui
676 3179 734 3240 C
746 3180 833 3252 D,
887 3182 1013 3242 Od
1049 3204 1304 3264 semper
1333 3199 1520 3249 erunt
1549 3201 1620 3249 ut
1650 3210 1832 3250 arcus
1864 3191 1979 3252 toti
2017 3191 2170 3266 CB,
2209 3194 2369 3279 OB,
2406 3193 2468 3255 &
2497 3214 2685 3274 prop-

172 3288 348 3336 terea
399 3298 581 3338 arcus
629 3276 713 3339 illi
760 3277 983 3361 reliqui
1030 3282 1215 3344 simul
1272 3285 1726 3351 describentur.
1822 3289 2042 3368 Quare
2087 3312 2354 3372 corpora
2411 3291 2542 3353 duo
2591 3292 2682 3367 D,

169 3375 220 3434 d
264 3374 451 3435 simul
504 3378 880 3457 pervenient
931 3380 1014 3441 ad
1067 3380 1205 3444 loca
1254 3385 1312 3446 C
1353 3385 1414 3447 &
1464 3389 1537 3461 0,
1570 3387 1838 3451 alterum
1885 3390 2145 3471 quidem
2192 3392 2256 3452 in
2298 3392 2512 3454 medio
2553 3413 2681 3453 non

172 3474 508 3536 resistente
553 3476 636 3537 ad
682 3474 892 3539 locum
944 3478 1011 3552 C,
1061 3480 1123 3542 ἃ
1168 3481 1436 3545 alterum
1484 3486 1547 3547 in
1593 3488 1808 3551 medio
1853 3490 2190 3552 resistente
2234 3491 2318 3552 ad
2362 3489 2574 3553 locum
2610 3493 2682 3553 O.

171 3573 338 3635 Cum
398 3587 613 3637 autem
674 3575 1046 3640 velocitates
1108 3581 1170 3640 in
1231 3582 1289 3643 C
1330 3582 1392 3644 ἃ
1441 3585 1499 3645 O
1542 3586 1671 3647 sint
1715 3600 1786 3648 ut
1829 3610 2012 3650 arcus
2064 3591 2214 3664 CB,
2268 3591 2410 3653 OB
2425 3617 2452 3665 ,·
2495 3603 2682 3653 erunt

168 3693 367 3747 arcuS,
430 3695 592 3756 quos
645 3696 910 3756 corpora
960 3675 1221 3740 ulterius
1273 3683 1604 3763 pergendo
1656 3686 1842 3747 simul
1895 3688 2277 3762 describunt,
2334 3689 2397 3750 in
2457 3689 2684 3751 eadem

169 3773 429 3836 ratione.
553 3774 761 3837 Sunto
814 3774 900 3838 illi
958 3778 1017 3839 C
1031 3779 1103 3838 E
1146 3778 1208 3840 &
1257 3781 1374 3843 Oe.
1492 3783 1611 3845 Vis
1657 3806 1785 3866 qua
1829 3808 2059 3867 corpus
2102 3787 2155 3848 d
2190 3787 2253 3849 in
2299 3787 2514 3850 medio
2554 3808 2682 3849 non

170 3872 503 3936 resistente
550 3874 905 3937 retardatur
950 3876 1011 3937 in
1059 3877 1129 3938 E
1170 3890 1269 3940 est
1313 3891 1383 3941 ut
1435 3881 1493 3942 C
1502 3882 1585 3956 E,
1635 3882 1696 3945 ἃ
1726 3884 1825 3946 vis
1872 3907 1999 3967 qua
2041 3908 2270 3968 corpus
2299 3887 2435 3948 din
2467 3886 2682 3950 medio
