2846 4224
122 383 227 461 ;-
563 311 1208 528 INDEX
1386 384 1582 482 CA
1635 385 2270 478 PJTUM

825 636 1337 706 TOTIUS
1463 635 1997 705 OPERIS.

2516 864 2625 906 PAG.
2646 835 2651 840 θ

102 1000 116 1026 .-
194 935 674 1006 DEFINJTIONES,
705 981 719 994 .
895 981 909 994 .
1083 981 1097 994 .
1274 980 1286 992 .
1462 981 1474 994 .
1649 979 1661 992 .
1837 980 1848 992 .
2027 980 2038 992 .
2216 980 2228 992 .
2405 981 2417 992 .
2602 953 2623 992 1

136 1098 149 1105 ,
190 1045 564 1120 AXIOMATA,
611 1063 748 1107 SIVE
795 1043 1008 1106 LEGES
1055 1044 1308 1117 MoTus,
1461 1093 1473 1107 .
1647 1094 1659 1106 .
1836 1092 1848 1104 .
2026 1091 2039 1104 .
2214 1093 2228 1110 .
2404 1093 2416 1104 .
2560 1063 2632 1120 13

489 1293 616 1356 DE
684 1292 957 1355 MOTU
1022 1292 1547 1355 CORPORUM
1615 1291 1899 1352 LIBER
1962 1291 2339 1352 PRIMUS:

331 1450 516 1512 SEc'r.
558 1450 605 1512 Ι.
653 1451 756 1511 De
780 1449 1046 1511 metlzodo
1074 1450 1392 1510 rationum
1413 1449 1785 1529 primarum
1818 1449 1899 1513 69³
1927 1447 2318 1523 ultimarum,
2404 1496 2416 1508 .
2556 1450 2632 1507 28
2658 1422 2660 1424 .

525 1563 612 1624 II.
659 1564 761 1624 De
785 1563 1128 1624 inventione
1154 1562 1390 1623 virium
1417 1562 1910 1642 centrzspetnrnm,
2033 1609 2046 1623 .
2224 1608 2236 1622 .
2413 1608 2426 1622 .
2562 1562 2639 1637 38

489 1675 614 1737 ΙΙΙ.
661 1676 764 1737 De
789 1684 957 1737 motu
985 1682 1308 1755 corporum
1343 1674 1414 1735 in
1442 1674 1658 1735 conicis
1692 1672 2045 1735 sectionibus
2079 1672 2427 1746 eccentrzkis,
2562 1689 2641 1749 54

498 1788 612 1850 IV.
659 1789 762 1850 De
800 1789 1144 1850 inventione
1182 1789 1424 1849 orbium
1468 1788 1894 1868 ellipticorum,
1926 1785 2432 1866 parabolicorum

743 1903 826 1968 ἐπ’
852 1902 1373 1982 hyperbolicorum
1400 1922 1475 1962 ex
1499 1900 1782 1961 umbilico
1810 1899 1968 1970 dato,
2031 1947 2044 1959 .
2221 1946 2233 1958 .
2411 1945 2424 1957 .
2560 1900 2596 1956 6
2605 1913 2636 1973 5

537 2014 614 2076 V.
658 2015 761 2075 De
785 2014 1129 2075 inventione
1153 2014 1393 2075 orbium
1423 2013 1534 2074 ubi
1556 2012 1879 2073 umbilicus
1907 2017 2122 2070 neuter
2145 2009 2354 2079 datur,
2415 2057 2428 2070 .
2568 2024 2641 2085 73

495 2127 612 2188 VI.
660 2127 762 2187 De
788 2125 1132 2186 inventione
1167 2133 1443 2186 motuum
1478 2126 1547 2186 in
1577 2125 1819 2185 orbibus
1846 2123 2025 2198 datis,
2227 2170 2240 2183 .
2414 2171 2426 2183 .
2527 2141 2643 2197 104

453 2239 609 2299 VII.
657 2239 758 2300 De
781 2246 1103 2317 corporum
1130 2260 1373 2299 ascensu
1407 2239 1488 2302 ὅς’
1515 2237 1787 2297 descensu
1818 2235 2134 2307 rectilineo,
2225 2285 2237 2297 .
2413 2284 2426 2296 .
2527 2255 2549 2294 1
2570 2255 2591 2294 1
2607 2254 2638 2293 2

418 2356 513 2416 VI
528 2356 552 2415 I
566 2355 611 2417 1.
655 2355 758 2415 De
809 2354 1153 2414 inventione
1198 2353 1439 2413 orbium
1496 2352 1566 2412 in
1624 2353 1843 2432 quibus
1898 2359 2151 2431 corpora
2201 2349 2438 2410 viribus

738 2468 1188 2550 quibuscunque
1213 2466 1556 2545 centripetis
1582 2466 1822 2546 agitata
1852 2464 2272 2537 revolvuntur,
2415 2510 2428 2522 .
2526 2479 2548 2519 1
2564 2479 2594 2519 2
2606 2478 2640 2536 3

497 2582 620 2644 IX.
666 2582 769 2643 De
793 2589 962 2642 motu
989 2587 1314 2660 corporum
1342 2579 1412 2639 in
1435 2578 1677 2639 orbibus
1705 2577 2038 2651 mobilibuS,
2059 2575 2241 2656 deque
2266 2580 2434 2635 motu

744 2692 1044 2774 apsidum,
1087 2741 1100 2753 .
1276 2741 1290 2754 .
1465 2740 1478 2752 .
1655 2737 1668 2751 .
1845 2738 1858 2750 .
2035 2736 2048 2749 .
2225 2736 2237 2748 .
2414 2735 2427 2747 .
2527 2706 2549 2745 1
2566 2705 2642 2761 29

538 2805 624 2867 X.
670 2805 773 2866 De
817 2811 987 2864 motu
1042 2811 1365 2884 coffporum
1421 2803 1492 2863 in
1548 2801 1969 2882 superficiebus
2023 2799 2205 2875 datis,
2258 2799 2438 2879 deque

726 2916 1302 2996 funependulorum
1331 2925 1499 2977 motu
1530 2916 1838 2995 reciproco,
2041 2964 2054 2976 .
2230 2964 2241 2977 .
2416 2962 2429 2974 .
2530 2932 2640 2989 142

502 3031 625 3095 XI.
670 3032 773 3092 De
826 3038 995 3091 motu
1051 3037 1375 3110 corporum
1431 3029 1669 3090 viribus
1716 3028 2059 3110 centripetis
2111 3050 2172 3089 se
2224 3036 2437 3089 mutuo

730 3142 1088 3223 petentium,
1283 3189 1296 3203 .
1471 3191 1483 3203 .
1661 3191 1674 3203 .
1851 3190 1863 3203 .
2041 3190 2053 3202 .
2230 3189 2244 3202 .
2418 3189 2431 3203 .
2530 3160 2550 3199 1
2564 3143 2646 3200 60
2743 3129 2747 3132 ’

458 3256 620 3318 XII.
667 3257 771 3318 De
793 3263 1116 3336 corporum
1143 3254 1578 3335 sphoericorum
1608 3254 1846 3315 viribus
1876 3252 2241 3328 attrmtivis,
2415 3301 2428 3314 .
2530 3273 2550 3311 1
2564 3255 2643 3327 89

418 3368 618 3430 XIII.
665 3369 767 3428 De
804 3375 1126 3447 corporum
1161 3388 1285 3428 non
1322 3365 1758 3447 spkoerzcorum
1796 3366 2034 3427 viribus
2068 3366 2431 3441 attmctivis,
2525 3386 2554 3425 2
2573 3384 2646 3433 10

350 3526 358 3532 -
433 3481 622 3543 XIV.
669 3481 772 3542 De
794 3489 964 3541 motu
992 3487 1316 3560 corporum
1344 3479 1763 3553 minimorum,
1788 3499 1925 3559 quae
1950 3479 2186 3540 viribus
2212 3479 2432 3539 centri-

651 3670 656 3675 ·
732 3587 898 3672 petis
937 3591 1029 3652 ad
1061 3590 1343 3672 singulas
1385 3590 1603 3671 magni
1624 3590 1894 3671 alicujus
1919 3590 2190 3670 corporis
2215 3565 2436 3670 partes

754 3702 1129 3764 tendentibus
1156 3702 1502 3783 agitantur,
1670 3750 1682 3762 .
1857 3750 1870 3764 .
2045 3749 2057 3762 .
2233 3750 2245 3763 .
2419 3749 2431 3763 .
2526 3721 2640 3762 222
