2852 4250
5 2859 57 3571 *dzvmwwe-wfis
7 2461 32 2539 r
6 2364 37 2411 ‘a

1045 100 1280 149 LIBER
1315 100 1626 173 SECUND
1637 78 1750 162 [fs5
1912 156 1920 162 ,
2485 123 2517 181 3
2532 124 2552 164 1
2567 124 2602 183 3

292 261 606 324 Caeterum
632 258 975 341 globorum,
1001 259 1224 338 quibus
1254 280 1402 318 usus
1432 279 1568 318 sum
1601 259 1662 318 in
1691 258 1787 318 his
1817 259 2268 337 experimentis,
2301 265 2605 325 maximus

182 379 308 425 non
337 370 470 418 erat
497 356 768 436 perfecte
797 355 1151 434 sphaericuS,
1179 355 1239 414 &
1269 366 1597 434 propterea
1627 355 1687 412 in
1719 353 1950 416 calculo
1979 357 2078 415 hic
2106 355 2290 418 allato
2320 360 2606 421 minutias

177 454 483 535 quasdam
512 443 832 512 brevitatis
860 451 1061 529 gratia
1090 449 1336 530 neglexi
1363 475 1375 522 ;
1421 451 1502 510 de
1525 448 1758 509 calculo
1780 465 2064 512 accurato
2094 453 2155 511 in
2186 454 2608 531 experimento

181 572 306 613 non
349 550 498 610 satis
542 561 827 609 accurato
870 548 1123 606 minime
1166 545 1476 607 sollicitus,
1571 546 1857 624 Optarim
1902 548 2125 626 itaque,
2172 569 2311 608 cum
2354 549 2606 610 demon-

177 647 392 709 stratio
421 645 600 706 vacui
630 666 709 704 ex
739 644 835 703 his
879 643 1247 721 dependeat,
1280 655 1349 702 ut
1377 642 1804 720 experimenta
1832 663 1971 701 cum
2000 643 2201 723 globis
2233 643 2293 703 &
2336 643 2610 722 pluribus

181 745 242 806 &
285 743 618 824 majoribus
664 740 725 801 &
768 741 967 820 magis
1011 740 1309 799 accuratis
1355 751 1753 798 tentarentur.
1845 739 1914 799 Si
1964 739 2134 820 globi
2178 753 2498 801 sumantur
2547 742 2609 800 in

56 823 58 826 ‚
108 925 114 931 ι
181 841 576 923 proportione
603 837 996 919 geometrica,
1029 849 1180 914 puta
1216 856 1478 915 quorum
1509 836 1791 895 diametri
1822 836 1945 896 sint
1972 836 2306 917 digitorum
2337 857 2393 912 4,
2428 840 2480 908 8,
2523 843 2610 908 16,

185 961 259 1018 32
289 965 302 1013 ;
348 961 426 999 ex
457 936 891 1018 progressione
921 934 1486 1013 experimentorum
1532 932 1853 1013 colligetur
1881 932 2029 1011 quid
2062 933 2123 992 in
2165 931 2368 1013 globis
2412 933 2613 993 adhuc

183 1036 516 1116 majoribus
546 1033 797 1094 evenire
827 1032 1068 1091 debeat.

292 1134 434 1213 Jam
478 1152 628 1192 vero
672 1128 1047 1190 conferendo
1095 1127 1474 1187 resistentias
1526 1127 1912 1186 diversorum
1964 1127 2292 1186 fluidorum
2346 1127 2503 1187 inter
2545 1149 2614 1187 se

180 1230 415 1292 tentavi
441 1227 777 1308 sequentia.
873 1226 1103 1286 Arcam
1127 1224 1397 1306 ligneam
1423 1226 1636 1304 paravi
1668 1223 2052 1304 longitudine
2082 1224 2311 1302 pedum
2336 1235 2612 1301 quatuor,

182 1327 506 1389 latitudine
538 1325 598 1385 &
627 1323 952 1384 altitudine
982 1323 1160 1402 pedis
1190 1323 1386 1382 unius,
1485 1322 1670 1381 Hanc
1706 1318 1995 1400 operculo
2026 1320 2319 1378 nudatam
2365 1317 2614 1397 implevi

183 1447 347 1507 aqua
374 1425 643 1495 fontana,
675 1423 916 1502 fecique
961 1433 1029 1480 ut
1074 1420 1361 1479 immersa
1391 1417 1662 1497 pendula
1707 1419 1766 1477 in
1813 1418 2019 1477 medio
2059 1437 2237 1495 aquae
2282 1414 2616 1475 oscillando

185 1534 596 1584 moverentur.
689 1518 930 1580 Globus
975 1530 1183 1577 autem
1228 1516 1554 1595 plumbeus
1599 1515 1875 1594 pondere
1925 1514 2073 1577 166}
2116 1514 2446 1583 unciarum,
2488 1512 2614 1571 dia—

185 1632 383 1680 metro
430 1634 501 1699 33.
544 1617 879 1698 digitorum
926 1614 1294 1675 movebatur
1338 1625 1406 1671 ut
1447 1613 1506 1671 in
1561 1610 1769 1671 tabula
1817 1623 2115 1690 sequente
2160 1609 2614 1687 descripsimuS‚

182 1717 488 1777 existente
518 1712 806 1774 videlicet
849 1711 1235 1793 longitudine
1265 1708 1518 1789 penduli
1550 1731 1587 1768 a
1626 1722 1856 1787 puncto
1886 1708 2275 1788 supensionis
2305 1707 2384 1766 ad
2429 1726 2615 1784 punc-

186 1829 317 1876 tum
353 1813 669 1894 quoddam
715 1813 776 1871 in
823 1809 925 1871 filo
971 1822 1252 1871 notatum
1309 1813 1420 1867 126
1466 1808 1817 1888 digitorum,
1851 1806 1930 1866 ad
1976 1804 2368 1866 oscillationis
2412 1814 2616 1862 autem

187 1926 465 1975 centrum
507 1927 656 1992 134}
685 1910 1035 1991 digitorum.
2568 1898 2577 1905 ’

185 2111 368 2164 Arcus
391 2111 634 2163 descensu
659 2110 845 2177 primo
869 2127 904 2161 a
930 2116 1129 2177 puncto
1156 2106 1258 2183 in)

243 2197 350 2266 filo
377 2204 555 2249 notato
579 2196 884 2263 descriptus,
912 2195 1213 2261 dzgrz’torum
1235 2183 1272 2271 5
1316 2158 1387 2223 64
1465 2172 1529 2223 32
1616 2158 1678 2209 ¹6
1826 2159 1856 2207 8
1969 2171 2005 2220 4
2081 2168 2109 2204 ²
2256 2168 2272 2203 Ι
2417 2154 2446 2219 ὲ
2588 2151 2618 2218 ³¹5

187 2283 370 2336 Arcus
411 2300 628 2334 ascensu
672 2282 862 2334 ultimo
904 2281 1210 2348 descriptus,
1353 2319 1382 2369 3
1464 2330 1490 2353 ἢ
1614 2330 1629 2365 I
1646 2328 1671 2354 o
1822 2314 1857 2364 6
2085 2327 2101 2361 I
2113 2310 2142 2375 ὲ
2283 2309 2304 2336 3
2417 2309 2446 2346 ἓ
2552 2306 2597 2342 ,3

260 2364 558 2436 αἰζξίίονιιηῑ
1231 2272 1270 2436 }
1314 2335 1349 2383 4
1463 2332 1531 2380 ‘4
1645 2355 1671 2364 ”
1971 2326 1997 2377 3
2282 2348 2308 2379 ξ
2421 2348 2442 2374 ⁸
2559 2338 2618 2370 m

186 2455 436 2507 Arcuum
473 2454 781 2522 dzffereutz'a
808 2453 980 2506 motui
1013 2440 1271 2525 amisso}-
1324 2476 1385 2527 16
1498 2475 1528 2523 g
1641 2488 1677 2536 4
1826 2484 1871 2521 2,
1931 2473 1936 2479 ·
1976 2485 1993 2519 Ι
2112 2467 2143 2532 ὲ
2279 2469 2309 2534 ὲ
2420 2465 2454 2528 ὲ
2550 2465 2616 2529 3²6

248 2540 683 2607 proportionalis,
712 2540 1011 2607 digitorum

188 2625 467 2677 Numerus
496 2624 903 2678 Oscillatz‘onmzz
932 2625 989 2675 iu
1015 2641 1159 2691 aqua
1664 2615 1729 2678 ἐξ
1830 2614 1888 2678 1}
1966 2628 1993 2679 3
2088 2625 2117 2677 7
2218 2608 2312 2674 117}
2359 2609 2455 2674 12}
2525 2610 2621 2674 13⁷}

190 2711 472 2763 Numerus
501 2709 899 2763 oscillationem
927 2710 983 2761 iu
1011 2727 1131 2761 aere
1316 2709 1346 2758 8
1355 2712 1417 2777 5}-
1599 2706 1664 2755 28
1670 2718 1700 2771 7
1795 2714 1857 2767 53
1867 2713 1890 2766 5

320 2879 395 2938 In
446 2878 871 2957 experimento
923 2874 1226 2937 columnae
1272 2886 1524 2954 quartae,
1573 2884 1777 2932 motus
1829 2866 2099 2948 aequales
2145 2863 2622 2926 oscillationibus

114 3045 117 3049 ,
195 2994 310 3054 535
345 2977 406 3036 ἰη
451 2997 608 3046 aere,
643 2975 703 3035 &
743 2974 807 3038 1}
853 2974 912 3034 in
958 2995 1122 3053 aqua
1165 2972 1373 3032 amissi
1420 2983 1577 3030 sunt.
1675 2969 1874 3028 Erant
1918 2965 2169 3045 quidem
2215 2961 2624 3024 oscillationes

191 3075 253 3134 in
289 3096 431 3135 aere
476 3072 660 3152 paulo
690 3071 1012 3132 celeriores
1059 3092 1245 3150 quam
1294 3071 1353 3129 in
1400 3090 1576 3147 aqua.
1672 3066 1763 3125 At
1807 3065 1857 3124 si
1903 3061 2312 3123 oscillationes
2360 3061 2418 3119 in
2465 3079 2626 3137 aqua

193 3173 254 3232 in
299 3194 374 3232 ea
403 3173 639 3231 ratione
684 3169 1170 3231 accelerarentur
1199 3180 1267 3227 ut
1312 3180 1515 3226 motus
1557 3162 1967 3244 pendulorum
2010 3161 2069 3219 in
2115 3158 2320 3218 medio
2365 3169 2625 3234 utroque

193 3269 411 3331 fierent
453 3267 883 3348 aequiveloceS,
918 3278 1195 3327 maneret
1226 3284 1517 3324 numerus
1564 3262 1728 3320 idem
1759 3256 2205 3319 oscillationum
2246 3254 2311 3318 1}
2342 3253 2402 3312 in
2448 3273 2623 3330 aqua,

193 3367 416 3447 quibus
447 3379 650 3427 motus
683 3366 847 3425 idem
893 3387 963 3424 ac
1009 3365 1176 3444 prius
1221 3363 1648 3431 amitteretur;
1695 3357 1776 3417 ob
1823 3354 2234 3415 resistentiam
2279 3362 2520 3410 auctam
2567 3348 2626 3407 Sc

195 3462 374 3526 simul
406 3463 775 3543 quadratum
807 3461 1102 3540 temporis
1134 3459 1505 3519 diminutum
1538 3457 1597 3515 in
1631 3454 1851 3514 eadem
1882 3451 2119 3511 ratione
2165 3447 2265 3507 illa
2295 3445 2619 3524 duplicata.

200 3561 458 3621 Paribus
524 3560 710 3640 igitur
774 3556 1184 3637 pendulorum
1265 3553 1696 3616 velocitatibus
1762 3562 1965 3609 motus
2035 3542 2306 3623 aequales
2358 3543 2425 3623 ⁴in
2483 3560 2624 3598 aere

197 3658 678 3720 oscillationibus
729 3673 843 3732 535
888 3655 946 3715 &
986 3656 1045 3714 in
1084 3676 1247 3733 aqua
1284 3649 1773 3714 oscillationibus
1814 3645 1878 3709 1}
1914 3642 2120 3703 amissi
2152 3651 2327 3710 sunt;
2361 3637 2622 3713 ideoque

202 3756 548 3816 resistentia
595 3751 847 3834 penduli
898 3753 956 3811 in
1007 3773 1169 3830 aqua
1206 3763 1301 3811 est
1353 3749 1431 3808 ad
1482 3749 1614 3827 ejus
1652 3741 2060 3814 resistentiam
2103 3738 2339 3796 in'aere
2387 3745 2454 3791 ut
2505 3748 2619 3807 535
