2846 4224
168 115 248 191 76
1001 91 1118 162 DE
1152 110 1271 163 Mo
1279 110 1389 161 TU
1420 108 1726 162 CORPOR
1737 109 1862 160 ΗΜ

163 292 346 343 coeat
397 279 590 342 etiam
637 277 805 341 linea
854 279 921 340 P
952 278 1018 340 T
1053 299 1197 340 cum
1249 275 1417 339 linea
1467 277 1643 339 PS:
1691 275 1753 337 &
1805 272 2244 357 rectangulum
2295 274 2439 337 PS
2456 276 2586 338 ><Ρ
2621 277 2686 339 T

162 380 398 442 evadet
425 381 491 441 Ρ
511 380 569 440 S
589 379 772 462 quad.
809 391 1126 460 rectaeque
1155 378 1225 439 A
1250 378 1330 450 B,
1371 378 1430 439 C
1439 377 1527 450 D,
1561 397 1707 457 quae
1739 395 1999 435 curvam
2031 374 2094 435 in
2120 373 2371 455 punctis
2393 375 2463 436 A
2503 374 2565 437 &
2594 376 2676 450 B,
2779 378 2783 383 ’
2816 389 2828 456 -ξ

167 482 227 543 C
251 481 313 542 &
342 482 415 542 D
443 481 758 554 secabant,
783 481 918 563 jam
965 499 1221 541 curvam
1254 477 1316 537 in
1362 476 1612 557 punctis
1660 472 1778 536 illis
1824 473 2199 536 coeuntibus
2246 493 2373 535 non
2405 473 2677 557 amplius

161 602 378 643 secare
409 593 693 663 possunt,
727 579 841 642 sed
874 592 1121 642 tantum
1153 588 1434 659 tangent.

1245 799 1581 862 Scholz'um.

278 957 535 1021 Nomen
567 957 801 1020 conicae
833 956 1131 1019 sectionis
1181 956 1243 1017 in
1290 954 1411 1017 hoc
1442 952 1742 1016 lemmate
1780 951 1907 1016 late
1938 954 2224 1028 sumitur,
2259 954 2347 1016 ita
2377 967 2449 1017 ut
2479 957 2678 1020 sectio

157 1071 288 1120 tam
330 1057 651 1120 rectilinea
694 1078 809 1138 per
852 1057 1157 1118 verticem
1203 1054 1344 1116 coni
1391 1053 1720 1126 transienS,
1770 1076 1963 1136 quam
2010 1053 2328 1117 circularis
2381 1056 2519 1118 basi
2565 1079 2675 1139 pa-

156 1156 368 1220 rallela
408 1155 776 1218 includatur.
875 1156 1048 1217 Nam
1093 1155 1146 1217 si
1193 1168 1498 1236 punctum
1530 1162 1584 1234 p
1631 1152 1851 1217 incidit
1882 1156 1945 1217 in
1978 1170 2233 1230 rectam,
2268 1179 2396 1239 qua
2440 1172 2678 1239 puncta

153 1259 223 1319 A
276 1257 337 1319 &
380 1258 453 1318 D
496 1254 598 1318 vel
652 1258 709 1319 C
748 1256 810 1318 81
853 1257 919 1318 B
961 1258 1332 1340 junguntur,
1396 1256 1615 1318 conica
1681 1256 1882 1319 sectio
1930 1270 2218 1319 vertetur
2269 1259 2332 1320 in
2385 1259 2677 1342 geminas

154 1372 373 1432 rectaS,
436 1380 702 1440 quarum
764 1380 892 1419 una
943 1371 1043 1420 est
1095 1371 1267 1420 recta
1320 1355 1424 1418 illa
1485 1357 1548 1418 in
1610 1379 1804 1439 quam
1866 1370 2172 1439 punctum
2216 1366 2272 1440 p
2332 1359 2566 1433 incidit,
2616 1358 2679 1422 8c

153 1457 351 1520 altera
382 1471 480 1520 est
525 1471 696 1519 recta
741 1479 868 1539 qua
911 1456 1035 1519 alia
1079 1459 1209 1521 duo
1254 1481 1335 1520 ex
1381 1459 1633 1540 punctis
1666 1471 1940 1540 quatuor
1959 1460 2331 1542 junguntur.
2449 1460 2520 1522 Si
2553 1474 2677 1522 tra-

153 1558 315 1640 pezii
347 1556 560 1640 anguli
586 1558 714 1620 duo
746 1558 1021 1638 oppositi
1053 1557 1238 1620 simul
1264 1560 1501 1640 sumpti
1527 1572 1865 1641 aequentur
1886 1559 2137 1622 duobus
2170 1561 2372 1634 rectiS,
2401 1559 2463 1622 &
2493 1559 2678 1624 lineae
2828 1607 2834 1639 ÷

153 1672 426 1740 quatuor
467 1659 533 1719 Ρ
557 1659 628 1734 Q,
683 1660 852 1731 PR,
885 1659 1037 1732 PS,
1070 1660 1136 1720 Ρ
1167 1660 1231 1720 Τ
1265 1659 1578 1721 ducantur
1621 1659 1706 1721 ad
1751 1658 1950 1722 latera
1995 1661 2132 1744 ejus
2180 1659 2284 1723 vel
2337 1661 2676 1744 perpendi·
2827 1654 2836 1732 ⁴2

152 1757 444 1821 culariter
462 1757 564 1820 vel
591 1760 653 1820 in
671 1759 919 1843 angulis
940 1759 1270 1841 quibusvis
2822 1734 2837 1892 Ι

151 1859 517 1942 aequalibuS,
570 1861 779 1942 sitque
833 1860 1269 1944 rectangulum

150 1960 270 2021 sub
330 1960 581 2022 duabus
643 1961 848 2023 ductis
907 1963 1272 2040 PQxPR

151 2058 397 2140 aequale
444 2060 811 2144 rectangulo
857 2063 976 2124 sub
1022 2063 1271 2124 duabus

148 2158 285 2220 aliis
343 2161 490 2221 ΡΣ
508 2162 637 2222 ><Ρ
667 2163 735 2236 T,
797 2164 995 2226 sectio
1055 2164 1274 2226 conica

149 2260 384 2322 evadet
420 2260 700 2326 circulus,
829 2263 1011 2325 Idem
1059 2264 1184 2338 fiet,
1220 2264 1271 2326 si

147 2358 331 2423 lineae
378 2377 651 2444 quatuor
694 2364 1007 2427 ducantur
1052 2366 1114 2426 in
1162 2388 1270 2427 an-

146 2460 311 2544 gulis
344 2464 690 2544 quibusviS,
727 2465 788 2527 &
835 2466 1272 2551 rectangulum

147 2563 267 2623 sub
313 2563 560 2626 duabus
622 2565 829 2628 ductis
889 2568 1274 2645 PQxPR

147 2663 230 2725 sit
288 2665 369 2726 ad
446 2667 885 2751 rectangulum
955 2670 1075 2730 sub
1136 2668 1274 2732 aliis

146 2763 397 2826 duabus
458 2767 602 2828 ΡΒ
620 2769 749 2828 ><Ρ
777 2769 842 2829 Τ
896 2782 967 2831 ut
1028 2783 1272 2831 rectan-

146 2862 368 2945 gulum
415 2867 537 2928 sub
583 2868 849 2931 sinubus
895 2870 1275 2954 angulorum

149 2965 216 3037 S,
266 2965 335 3039 T,
402 2967 465 3028 in
520 2970 752 3050 quibus
827 2972 973 3034 duae
1033 2971 1275 3035 ultimae

146 3073 281 3147 PS,
314 3075 455 3137 PT
476 3076 808 3152 ducuntur,
843 3080 925 3141 ad
973 3081 1414 3164 rectangulum
1462 3086 1582 3147 sub
1629 3087 1893 3152 sinubus
1940 3091 2318 3176 angulorum
2370 3097 2443 3174 Q,
2491 3099 2577 3176 R,
2613 3099 2676 3161 in

146 3173 377 3254 quibus
438 3175 583 3238 duae
634 3178 858 3258 primae
903 3180 1065 3256 PQ,
1115 3182 1269 3243 PR
1315 3183 1647 3249 ducuntur.
1774 3190 2041 3255 Caeteris
2095 3195 2158 3256 in
2205 3197 2457 3260 casibus
2501 3197 2677 3262 locus

144 3274 362 3354 puncti
392 3275 458 3335 Ρ
488 3276 608 3337 erit
637 3275 853 3359 aliqua
883 3278 1074 3340 trium
1107 3280 1469 3363 figurarum,
1505 3308 1650 3367 quae
1682 3289 1877 3373 vulgo
1924 3291 2333 3358 nominantur
2362 3299 2676 3362 sectiones

143 3375 397 3437 conicae.
494 3376 654 3440 Vice
685 3391 902 3440 autem
933 3382 1194 3461 trapezii
1240 3383 1465 3446 ABC
1464 3386 1538 3446 D
1581 3388 1876 3452 substitui
1909 3406 2124 3473 potest
2161 3397 2672 3478 quadrilaterum,

143 3473 325 3555 cujus
385 3472 584 3537 latera
627 3477 757 3540 duo
817 3480 1113 3561 opposita
1172 3504 1243 3544 se
1297 3498 1519 3548 mutuo
1581 3488 1782 3552 instar
1832 3492 2265 3577 diagonalium
2311 3499 2668 3565 decussant.

144 3572 278 3635 Sed
312 3573 374 3635 81
404 3597 441 3637 e
471 3578 722 3657 punctis
754 3592 1029 3660 quatuor
1058 3583 1150 3655 A,
1183 3584 1264 3657 B,
1304 3586 1371 3658 C,
1397 3587 1471 3647 D
1513 3603 1783 3669 possunt
1827 3614 2024 3656 unum
2071 3596 2174 3659 vel
2221 3599 2351 3662 duo
2382 3601 2558 3664 abire
2588 3601 2671 3664 ad

2829 1372 2833 1380 .

2784 1405 2834 1418 ..ι’

2755 1439 2763 1447 “
2827 1429 2834 1472 ἓ

2828 1493 2833 1500 ,

2830 1502 2833 1509 .

143 3672 473 3748 infinitum,
508 3697 714 3759 eoque
768 3692 957 3760 pacto
988 3679 1187 3745 latera
1235 3684 1472 3769 figurae,
1507 3709 1651 3770 quae
1697 3691 1780 3752 ad
1826 3707 2062 3774 puncta
2107 3696 2212 3760 illa
2257 3715 2670 3785 convergunt,

142 3774 419 3837 evadere
463 3775 807 3857 parallela:
878 3802 1007 3862 quo
1061 3782 1123 3844 in
1178 3805 1327 3846 casu
1389 3788 1588 3850 sectio
1649 3790 1868 3854 conica
1920 3797 2214 3860 transibit
2264 3822 2383 3884 per
2438 3814 2670 3865 caetera

140 3888 391 3956 puncta,
426 3876 488 3938 δε
520 3877 582 3940 ἰη
614 3876 836 3963 plagas
860 3880 1302 3963 parallelarum
1334 3886 1535 3950 abibit
1566 3889 1628 3951 in
1662 3890 1992 3958 infinitum.
