2846 4224
0 3996 92 4224 a

1129 52 1705 130 DEFJNJTJONES.
2303 122 2313 129 .
2598 108 2643 167 7..

306 244 430 307 III.
483 243 688 305 Locus
723 251 820 302 est
847 258 991 319 pars
1019 238 1202 318 spatii
1232 259 1421 318 quam
1451 259 1673 318 corpus
1702 254 1978 321 occupat,
2009 258 2229 326 estque
2258 248 2371 328 pro
2400 253 2636 315 ratione

190 343 371 424 spatii
401 339 502 403 vel
531 337 851 401 absolutus
880 335 981 398 vel
1013 334 1321 397 relativus.
1419 336 1584 408 Pars,
1618 336 1886 416 inquam,
1918 343 2134 420 spatii3
2167 365 2290 405 non
2321 347 2475 408 situs
2505 370 2632 410 cor-

190 441 371 523 poriS,
415 437 518 501 vel
561 436 917 518 superficies
974 434 1271 495 ambiens.
1389 433 1559 494 Nam
1603 434 1941 496 solidorum
1987 440 2318 519 aequalium
2365 445 2636 524 aequales

189 560 437 620 semper
462 550 608 599 sunt
649 534 799 608 loci;
846 532 1221 613 Superficies
1251 544 1461 593 autem
1501 532 1583 593 ob
1613 533 2175 598 dissimilitudinem
2206 539 2539 621 figurarum
2569 558 2639 605 ut

188 637 518 720 plurimum
562 631 898 715 inaequales
942 644 1120 705 sunt;
1167 630 1340 692 Situs
1384 651 1535 692 vero
1578 632 1827 711 proprie
1870 631 2184 715 loquendo
2228 642 2636 718 quantitatem

190 758 314 799 non
360 736 607 807 habent,
639 728 843 813 neque
889 743 1018 791 tam
1064 742 1210 790 sunt
1238 727 1373 790 loca
1412 750 1599 809 quam
1630 730 1986 793 affectiones
2017 732 2306 798 locorum.
2423 739 2638 801 Motus

124 858 131 864 ·
158 873 164 878 ·
188 837 375 898 totius
406 834 571 895 idem
601 845 698 894 est
726 852 866 892 cum
896 849 1141 890 summa
1169 840 1450 888 motuum
1480 828 1781 907 partium;
1814 829 1931 891 hoc
1961 845 2070 904 est,
2104 833 2421 897 translatio
2451 839 2639 899 totius

188 936 269 998 de
311 956 425 995 suo
470 931 606 994 loco
653 930 875 992 eadem
914 940 1011 989 est
1057 947 1197 987 cum
1245 947 1489 986 summa
1535 926 2003 990 translationum
2051 933 2317 1010 partium
2365 934 2445 995 de
2491 934 2640 997 locis

189 1034 350 1107 suis;
396 1031 663 1111 ideoque
707 1028 878 1091 locus
926 1026 1115 1088 totius
1164 1025 1330 1085 idem
1368 1038 1464 1085 est
1508 1047 1648 1086 cum
1684 1047 1928 1087 summa
1956 1026 2229 1091 locorum
2260 1033 2543 1112 partium,
2578 1034 2638 1095 &

187 1143 515 1213 propterea
545 1129 820 1189 internus
852 1126 912 1188 &
943 1126 1005 1186 in
1036 1144 1294 1203 corpore
1326 1136 1475 1184 toto.

304 1229 416 1290 IV.
469 1228 686 1289 Motus
730 1223 1049 1287 absolutus
1094 1235 1190 1284 est
1237 1221 1558 1283 translatio
1606 1224 1880 1303 corporis
1927 1225 2007 1286 de
2054 1225 2191 1289 loco
2237 1228 2522 1292 absoluto
2575 1231 2636 1292 in

186 1327 388 1390 locum
418 1325 784 1396 absolutum,
819 1322 1112 1385 relativus
1142 1321 1222 1382 de
1254 1320 1513 1382 relativo
1545 1322 1606 1382 in
1637 1321 1979 1385 relativum.
2072 1326 2178 1387 Sic
2224 1327 2284 1387 in
2323 1330 2465 1389 navi
2498 1352 2638 1410 quae

186 1426 341 1489 velis
370 1426 570 1507 passis
599 1425 805 1496 fertur,
839 1421 1131 1484 relativus
1163 1421 1435 1500 corporis
1465 1419 1635 1482 locus
1681 1434 1777 1482 est
1821 1423 2052 1505 navigii
2090 1427 2262 1507 regio
2293 1426 2394 1488 illa
2424 1429 2485 1488 in
2517 1451 2641 1509 qua

187 1546 409 1606 corpus
456 1536 753 1595 versatur,
800 1543 910 1583 seu
959 1520 1242 1582 cavitatis
1301 1520 1490 1580 totius
1548 1542 1693 1599 pars
1746 1519 1847 1581 illa
1891 1543 2079 1601 quam
2127 1546 2348 1605 corpus
2409 1527 2638 1608 implet,

187 1645 453 1704 quaeque
482 1623 641 1684 adeo
672 1634 958 1683 movetur
985 1641 1110 1679 una
1139 1639 1279 1679 cum
1311 1619 1455 1678 navi
1485 1641 1497 1679 ;
1545 1618 1605 1678 8c
1650 1619 1826 1699 quies
1870 1619 2128 1682 relativa
2163 1637 2259 1684 est
2288 1627 2641 1704 permansio

185 1723 457 1803 corporis
503 1723 564 1783 in
610 1721 831 1783 eadem
877 1718 978 1781 illa
1022 1718 1199 1778 navis
1245 1718 1499 1799 regione
1543 1715 1643 1778 vel
1689 1731 1865 1798 parte
1909 1720 2207 1782 cavitatiS.
2329 1722 2422 1784 At
2465 1725 2641 1804 quies

187 1843 337 1882 vera
383 1834 479 1882 est
525 1820 878 1901 permansio
925 1819 1198 1898 corporis
1249 1818 1309 1877 in
1359 1817 1581 1878 eadem
1627 1832 1804 1897 parte
1849 1820 2031 1898 spatii
2079 1819 2236 1881 illius
2284 1823 2536 1895 immoti,
2578 1826 2639 1885 in

187 1941 311 2001 qua
354 1920 531 1980 navis
576 1920 711 1999 ipsa
753 1939 878 1978 una
920 1940 1061 1978 cum
1102 1917 1368 1977 cavitate
1412 1937 1525 1975 sua
1570 1915 1630 1976 ἃ
1660 1918 1965 1978 contentis
2002 1920 2306 1981 universis
2337 1936 2636 1985 movetur.

193 2020 386 2081 Unde
431 2020 483 2080 si
532 2032 694 2080 terra
739 2039 889 2078 vere
936 2017 1228 2096 quiescat,
1268 2035 1506 2094 coerS,
1547 2014 1715 2093 quod
1764 2015 2020 2078 relative
2065 2020 2326 2098 quiescit
2370 2022 2431 2081 in
2477 2023 2638 2095 navi,

189 2118 542 2179 movebitur
584 2138 732 2178 vere
778 2116 839 2177 ἃ
882 2114 1166 2176 absolute
1210 2136 1285 2175 ea
1330 2135 1470 2174 cum
1515 2112 1859 2186 velocitate,
1894 2137 2017 2196 qua
2054 2119 2230 2179 navis
2262 2134 2548 2181 movetur
2578 2123 2639 2182 in

189 2230 367 2278 terra.
488 2216 601 2277 Sin
634 2228 796 2276 terra
826 2214 1013 2275 etiam
1045 2226 1403 2286 moveatur;
1450 2212 1681 2273 orietur
1710 2235 1894 2273 verus
1927 2214 1987 2275 ἃ
2016 2215 2335 2278 absolutus
2367 2221 2639 2299 corporis

189 2329 410 2388 motuS,
442 2316 666 2395 partim
698 2337 776 2375 ex
807 2327 986 2374 terrae
1032 2326 1203 2374 motu
1249 2333 1400 2372 vero
1446 2312 1507 2371 in
1544 2310 1746 2390 spatio
1778 2312 2049 2385 immoto,
2082 2316 2307 2394 partim
2339 2338 2417 2377 ex
2463 2318 2639 2379 navis

189 2427 361 2476 motu
407 2406 666 2475 relativo
725 2414 786 2473 in
846 2426 1023 2474 terra.
1148 2411 1235 2471 Et
1279 2411 1330 2470 si
1379 2432 1602 2489 corpus
1647 2410 1834 2470 etiam
1881 2420 2206 2474 moveatur
2263 2414 2518 2477 relative
2577 2418 2639 2477 in

190 2514 368 2587 navi;
435 2514 667 2574 orietur
730 2533 915 2572 verus
981 2510 1115 2591 ejus
1182 2522 1403 2580 motuS,
1464 2509 1689 2588 partim
1755 2531 1834 2569 ex
1893 2532 2044 2571 vero
2102 2526 2273 2573 motu
2338 2526 2516 2575 terrae
2580 2516 2640 2575 in

190 2612 392 2692 spatio
451 2612 723 2682 immotO,
766 2610 991 2690 partim
1043 2631 1123 2670 ex
1167 2607 1440 2669 relativis
1486 2608 1756 2668 motibus
1802 2621 1932 2668 tum
1979 2611 2155 2670 navis
2201 2612 2261 2671 in
2308 2625 2470 2673 terra
2511 2627 2641 2674 tum

191 2710 462 2790 corporis
532 2711 593 2770 in
664 2709 808 2770 navi
849 2732 861 2771 :
947 2708 1007 2769 &
1088 2730 1167 2770 ex
1233 2707 1329 2767 his
1399 2707 1670 2767 motibus
1737 2705 2008 2767 relativis
2073 2710 2303 2770 orietur
2370 2713 2643 2791 corporis

189 2821 393 2870 motus
430 2807 721 2868 relativus
767 2808 828 2868 in
874 2820 1051 2867 terra.
1178 2806 1272 2866 Ut
1315 2806 1367 2865 si
1413 2818 1592 2865 terrae
1637 2826 1779 2884 pars
1826 2803 1940 2877 illa,
1974 2806 2078 2866 ubi
2125 2808 2301 2868 navis
2346 2823 2640 2881 versatur,

190 2921 515 2968 moveatur
558 2929 707 2967 vere
755 2907 816 2967 in
862 2907 1164 2968 orientem
1209 2925 1350 2965 cum
1395 2901 1724 2964 velocitate
1769 2905 2036 2983 partium
2092 2926 2324 2980 10010;
2380 2907 2440 2967 &
2487 2907 2642 2968 velis

186 3018 501 3086 ventoque
531 3005 762 3066 seratur
804 3005 981 3066 navis
1028 3006 1088 3064 in
1133 3004 1519 3066 occidentem
1564 3025 1704 3064 cum
1735 3002 2063 3064 velocitate
2093 3000 2359 3084 partium
2390 3006 2641 3079 decem;

188 3117 376 3164 nauta
417 3117 626 3165 autem
670 3103 946 3165 ambulet
990 3105 1050 3164 in
1098 3104 1241 3164 navi
1286 3104 1588 3164 orientem
1633 3124 1851 3163 versus
1904 3124 2043 3162 cum
2080 3102 2423 3164 velocitatis
2468 3118 2642 3184 parte

187 3223 350 3264 una:
396 3203 747 3263 movebitur
790 3217 979 3265 nauta
1012 3225 1161 3264 vere
1207 3202 1267 3263 &
1311 3201 1593 3263 absolute
1638 3203 1699 3262 in
1745 3203 1947 3281 spatio
1992 3203 2249 3265 immoto
2289 3226 2429 3264 cum
2474 3204 2640 3266 velo-

190 3301 390 3361 citatis
434 3301 711 3380 partibus
757 3322 946 3363 10001
1006 3302 1066 3362 in
1126 3302 1444 3371 orientem,
1508 3299 1569 3360 &
1613 3298 1869 3360 relative
1916 3301 1975 3360 in
2037 3314 2200 3363 terra
2257 3303 2641 3364 occidentem

190 3420 407 3460 versus
438 3420 578 3459 cum
609 3397 952 3460 velocitatis
983 3399 1266 3479 partibus
1295 3419 1538 3459 novem.

306 3497 587 3576 Tempus
646 3496 996 3559 absolutum
1055 3519 1094 3558 a
1152 3496 1410 3558 relativo
1475 3496 1875 3577 distinguitur
1939 3498 1998 3557 in
2064 3498 2468 3577 Astronomia
2532 3522 2644 3580 per

194 3595 608 3675 aequationem
668 3597 965 3675 temporis
1009 3595 1197 3678 vulgi.
1295 3593 1643 3674 Inaequales
1702 3595 1868 3655 enim
1920 3610 2065 3657 sunt
2122 3598 2256 3658 dies
2316 3599 2638 3682 naturales

195 3694 300 3773 qui
330 3692 521 3775 vulgo
552 3707 847 3775 tanquam
879 3694 1150 3775 aequales
1183 3717 1296 3775 pro
1341 3716 1630 3755 mensura
1674 3694 1970 3773 temporis
2012 3694 2328 3756 habentur.
2455 3696 2640 3755 Hanc

196 3790 677 3872 inaequalitatem
709 3794 1023 3875 corrigunt
1055 3794 1437 3863 Astronomi,
1470 3806 1539 3853 ut
1582 3815 1660 3853 ex
1706 3793 1946 3854 veriore
1977 3806 2255 3872 tempore
2286 3809 2642 3854 mensurent
