2846 4224
0 0 119 346 r
135 0 165 21 's

0 355 32 385 ’θ’

4 444 16 457 -„
39 444 42 448 ,

1115 107 1353 155 LIBER
1386 107 1695 158 PRIMUS.
2545 137 2584 194 4
2591 138 2624 195 3

189 269 555 353 composita)
588 290 714 350 qua
755 289 978 348 corpus
1020 268 1190 348 prius
1225 269 1287 328 L
1333 280 1602 349 urgetur,
1648 270 2028 331 subducatur
2060 271 2198 353 (per
2227 274 2392 335 idem
2421 274 2630 358 legum

190 366 624 449 corollarium)
678 366 775 427 vis
853 378 987 427 tota
1047 363 1459 436 acceleratrix,
1525 385 1653 444 qua
1714 387 1938 446 corpus
2009 367 2270 430 alterum
2338 386 2630 453 urgetur:

189 468 287 528 vis
330 465 531 528 omnis
562 462 812 543 reliqua,
845 484 970 543 qua
998 483 1222 542 corpus
1251 462 1422 542 prius
1452 474 1721 543 urgetur,
1754 459 1971 526 tendet
1999 463 2339 548 ad'corpus
2374 469 2633 531 alterum

202 565 267 626 T
283 576 353 624 ut
381 574 677 623 centrum.

305 660 502 722 Corol.
541 679 592 720 2.
645 657 747 729 Et,
779 656 831 718 si
876 678 1037 722 areae
1082 655 1202 717 illae
1245 669 1392 719 sunt
1433 658 1817 737 temporibus
1861 662 2335 741 quamproxime
2378 685 2632 745 propor-

189 756 463 829 tionaleS,
494 757 591 817 vis
621 754 857 835 reliqua
885 755 1101 815 tendet
1129 754 1210 815 ad
1242 776 1464 834 corpus
1494 754 1757 816 alterum
1799 757 1864 816 T
1882 760 2373 838 quamproxime.

306 855 502 917 Corol.
541 874 593 932 3.
646 853 735 913 Et
783 853 919 914 vice
970 874 1166 924 versa,
1220 854 1271 914 si
1323 854 1420 914 vis
1472 852 1709 933 reliqua
1766 855 1967 915 tendit
2024 858 2499 936 quamproxime
2556 859 2638 919 ad

191 974 412 1033 corpus
441 950 703 1013 alterum
745 951 812 1023 T,
845 962 1026 1011 erunt
1067 973 1230 1012 areae
1275 950 1395 1012 illae
1440 952 1825 1032 temporibus
1866 955 2339 1033 quamproxime
2383 977 2636 1035 propor-

192 1048 467 1112 tionaleS.

308 1149 503 1210 Corol.
538 1167 593 1224 4.
644 1146 714 1207 Si
759 1168 982 1226 corpus
1026 1147 1087 1207 L
1132 1147 1306 1208 radio
1347 1147 1427 1208 ad
1463 1145 1726 1208 alterum
1770 1169 1992 1227 corpus
2035 1149 2099 1208 T
2124 1148 2311 1210 ducto
2348 1149 2642 1211 describit

190 1269 380 1319 areaS,
413 1268 554 1327 quae
584 1267 725 1306 cum
770 1245 1154 1325 temporibus
1199 1243 1440 1306 collatae
1484 1258 1630 1305 sunt
1672 1243 1858 1306 valde
1903 1244 2273 1324 inaequales;
2323 1247 2382 1307 &
2419 1269 2641 1327 corpus

193 1337 353 1407 illud'
384 1343 646 1405 alterum
703 1344 767 1403 T
802 1342 902 1404 vel
949 1343 1226 1424 quiescit,
1273 1343 1373 1404 vel
1427 1356 1715 1404 movetur
1758 1343 2144 1404 uniformiter
2188 1344 2249 1403 in
2294 1345 2639 1407 directum:

191 1444 350 1505 actio
380 1444 476 1504 vis
506 1442 863 1521 centripetae
893 1442 974 1501 ad
1015 1463 1240 1521 corpus
1277 1440 1428 1502 illud
1472 1442 1736 1503 alterum
1778 1443 1842 1501 T
1861 1443 2173 1502 tendentis
2203 1441 2303 1503 vel
2336 1442 2500 1503 nulla
2529 1456 2639 1516 est,

191 1541 291 1603 vel
319 1571 324 1576 ·
350 1542 642 1601 miscetur
699 1539 760 1600 &
818 1541 1209 1619 componitur
1276 1562 1417 1602 cum
1481 1541 1827 1602 actionibus
1886 1541 2226 1602 admodum
2285 1543 2642 1622 potentibus

190 1639 446 1701 aliarum
512 1639 735 1699 virium
769 1661 780 1699 :
849 1639 1073 1719 visque
1143 1651 1275 1699 tota
1342 1661 1423 1699 ex
1481 1639 1785 1709 omnibuS‚
1846 1639 1897 1698 si
1967 1638 2174 1718 plures
2243 1653 2390 1701 sunt
2456 1641 2640 1716 vireS,

191 1738 535 1818 composita
577 1737 658 1797 ad
709 1736 877 1797 aliud
933 1735 1091 1819 (sive
1154 1735 1469 1797 immobile
1520 1737 1654 1796 sive
1700 1734 1950 1818 mobile)
2008 1750 2287 1797 centrum
2339 1737 2637 1818 dirigitur.

197 1836 374 1897 Idem
405 1835 658 1907 obtinet,
690 1835 795 1895 ubi
840 1856 1062 1914 corpus
1106 1833 1369 1896 alterum
1400 1849 1573 1896 motu
1605 1855 1978 1915 quocunque
2009 1847 2327 1906 movetur;
2373 1835 2423 1894 si
2456 1835 2644 1896 modo

191 1935 287 1995 vis
332 1934 673 2013 centripeta
716 1945 1011 2007 sumatur,
1059 1955 1201 2013 quae
1247 1947 1439 1995 restat
1482 1947 1626 2014 post
1674 1933 2149 1995 subductionem
2201 1932 2297 1993 vis
2341 1932 2532 1994 totius
2579 1933 2641 1994 in

194 2054 418 2113 corpus
449 2030 600 2092 illud
630 2029 892 2091 alterum
936 2032 999 2090 T
1016 2030 1275 2113 agentis,

1252 2211 1502 2272 Scholia
1509 2234 1581 2274 m.

310 2361 626 2440 Quoniam
678 2359 1019 2442 aequabilus
1077 2383 1358 2422 arearum
1410 2361 1744 2442 descriptio
1798 2362 1986 2423 index
2044 2375 2139 2423 est
2198 2362 2405 2434 centri,
2467 2362 2637 2442 quod

196 2463 292 2523 vis
343 2460 445 2522 illa
496 2461 757 2540 respicit,
811 2482 937 2541 qua
987 2482 1210 2540 corpus
1264 2461 1533 2522 maxime
1584 2462 1862 2535 afficitur,
1919 2482 2170 2541 quaque
2222 2460 2553 2520 retrahitur
2602 2481 2640 2519 a

198 2572 369 2620 motu
428 2558 757 2630 rectilineo,
820 2558 881 2619 &
939 2558 1000 2618 in
1060 2558 1261 2620 orbita
1317 2581 1431 2619 sua
1490 2559 1818 2630 retinetur;
1879 2558 2095 2638 quidni
2155 2580 2524 2637 usurpemus
2577 2557 2638 2617 in

197 2657 599 2737 sequentibus
658 2655 1026 2736 aequabilem
1086 2679 1367 2717 arearum
1425 2658 1905 2738 descriptionem
1964 2670 2033 2717 ut
2097 2655 2363 2716 indicem
2429 2655 2637 2727 centri,

198 2753 423 2816 circum
456 2754 624 2834 quod
655 2767 862 2815 motus
893 2754 1093 2815 omnis
1125 2755 1431 2817 circularis
1463 2756 1524 2816 in
1556 2755 1770 2836 spatiis
1802 2754 2008 2816 liberis
2039 2753 2403 2837 peragitur?

565 3040 1189 3102 PROPOSITIO
1253 3042 1380 3103 IV.
1489 3039 2086 3102 THEOREMA
2153 3040 2278 3101 IV.

205 3191 566 3270 Corporum,
633 3213 768 3272 quae
829 3192 1092 3253 diversos
1157 3194 1412 3255 circulos
1477 3193 1765 3274 aequabz‘lz'
1828 3200 1996 3252 motu
2062 3191 2422 3262 describunt,
2489 3191 2647 3251 vires

283 3304 638 3383 centripetas
677 3304 768 3364 ad
785 3312 994 3364 centra
1027 3306 1349 3366 eorundem
1384 3306 1758 3366 circulorum
1788 3304 2024 3364 tendere
2041 3330 2067 3375 ‚·
2113 3305 2195 3368 <⁶5³
2221 3325 2335 3364 esse
2366 3303 2535 3363 inter
2571 3323 2643 3376 se,

285 3422 359 3475 ut
404 3423 554 3476 sunt
595 3438 856 3477 arcuum
905 3418 1100 3478 simul
1141 3418 1578 3498 descriptorum
1621 3417 1931 3498 quadrata
1974 3415 2282 3495 applicata
2330 3414 2420 3474 ad
2456 3414 2643 3474 circu-

289 3529 494 3588 lorum
522 3529 740 3591 radzbS.

322 3691 623 3754 Tendunt
664 3692 763 3753 hae
807 3693 971 3755 vires
1015 3694 1095 3754 ad
1141 3706 1353 3755 centra
1396 3690 1760 3754 circulorum
1800 3713 1911 3772 per
1940 3712 2110 3772 prop.
2158 3711 2243 3750 11.
2282 3689 2341 3750 &
2371 3686 2549 3750 corol.
2590 3708 2639 3747 2.

210 3810 379 3869 prop.
446 3811 491 3852 1.
545 3789 605 3851 &
650 3804 796 3852 sunt
848 3792 1007 3853 inter
1056 3813 1125 3852 se
1183 3804 1252 3851 ut
1309 3812 1561 3852 arcuum
1620 3789 1963 3870 aequalibus
2021 3788 2399 3868 temporibus
2459 3806 2645 3865 quarn
