2852 4250
38 3672 43 3686 -
32 3625 42 3642 —·
34 3570 60 3594 1„-
15 3176 66 3534 utmfflaeQqffiffl
21 3003 77 3158 κφ-τζῦ,
16 2934 70 2978 'ir
19 2903 21 2905 '
40 2803 42 2805 f

49 868 53 870 ’
109 902 116 908 ·
175 870 446 932 cundum
498 866 746 948 plagam
805 865 1335 926 determinationis

1048 121 1284 169 LIBER
1319 110 1628 168 SECUND
1641 119 1737 167 σε.
1788 135 1790 137 >
2104 152 2106 154 .
2480 141 2552 198 32
2564 141 2596 198 3

172 283 356 347 ticula
392 283 596 354 medii,
629 282 971 344 secundum
1019 294 1249 342 rectam
1293 280 1436 339 FB
1478 277 1728 357 oblique
1773 279 2120 350 incidendo,
2166 279 2421 360 globum
2464 283 2606 344 serit

148 375 233 444 'in
262 384 341 454 B,
373 381 490 442 erit
518 381 757 440 ad-vim
789 401 913 459 qua
941 376 1242 458 particula
1271 377 1492 437 eadem
1523 374 1868 454 cylindrum
1903 377 2058 435 ΟΝ
2077 376 2136 435 G
2155 377 2212 449 Q
2249 399 2366 437 axe
2396 380 2463 437 A
2498 381 2611 439 CI

170 482 332 543 circa
378 477 635 560 globum
687 477 1066 556 descriptum
1117 471 1714 554 perpendiculariter
1762 472 1971 531 feriret
2014 472 2099 530 in·
2125 473 2173 542 b,
2220 485 2289 532 ut
2330 475 2482 533 LD
2524 477 2605 535 ad

172 579 310 641 LB
337 575 437 638 vel
467 577 607 635 BE
634 575 713 634 ad
743 576 809 634 B
824 575 887 635 C.
938 575 1178 633 Rursus
1197 570 1469 632 efficacia
1490 569 1672 650 hujus
1696 570 1790 629 vis
1832 569 1912 628 ad
1937 568 2315 628 movendum
2354 569 2607 649 globum

174 673 514 737 secundum
546 671 895 732 incidentiae
940 692 1072 730 suae
1117 667 1366 749 plagam
1409 668 1551 726 FB
1593 665 1693 726 vel
1726 667 1792 725 A
1822 666 1886 736 C,
1920 678 2016 725 est
2045 665 2124 724 ad
2169 666 2448 745 ejusdem
2480 669 2606 728 effi-

175 773 405 835 caciam
435 770 516 830 ad
547 768 928 829 movendum
956 767 1212 848 globum
1243 788 1336 826 se-

176 990 321 1039 suae,
343 967 405 1027 id
437 978 547 1038 est,
568 964 910 1025 secundum
934 961 1182 1043 plagam
1207 983 1333 1022 rec-

176 1079 259 1127 tae
288 1067 353 1125 B
375 1065 431 1126 C
455 1078 579 1144 qua
606 1063 863 1144 globum
893 1062 1125 1121 directe
1156 1075 1337 1142 urget

177 1177 247 1225 ut
287 1164 438 1224 BE
473 1162 554 1222 ad
596 1162 748 1223 BC.
871 1161 958 1220 Et
995 1160 1336 1240 conjunctis

179 1261 532 1332 rationibuS,
587 1259 859 1320 efficacia
908 1256 1223 1338 particulae
1276 1255 1337 1317 ir'1

177 1357 434 1440 globum
507 1358 849 1419 secundum
909 1368 1140 1417 rectam
1198 1357 1339 1415 FB

179 1455 429 1536 oblique
458 1455 800 1527 incidentiS,
832 1455 912 1516 ad
958 1456 1338 1516 movendum

179 1555 447 1616 eundem
505 1554 846 1615 secundum
898 1553 1147 1635 plagam
1194 1556 1338 1615 inci-

180 1652 409 1712 dentiae
429 1674 574 1724 suae,
599 1666 696 1714 est
724 1653 804 1713 ad
835 1654 1170 1714 efficaciam
1201 1677 1338 1735 par-

182 1747 384 1810 ticulae
431 1749 712 1830 ejusdem
758 1751 1101 1812 secundum
1154 1754 1419 1815 eandem
1468 1768 1700 1817 rectam
1733 1756 1793 1815 in
1826 1756 2170 1836 cylindrum
2215 1756 2619 1836 perpendicu-

180 1844 389 1907 lariter
439 1847 782 1922 incidentiS,
821 1849 902 1908 ad
951 1849 1154 1929 ipsum
1207 1854 1590 1913 movendum
1642 1854 1702 1913 in
1755 1853 2004 1936 plagam
2056 1855 2335 1925 eandem,
2369 1866 2437 1913 ut
2479 1854 2626 1913 BE

183 1945 553 2024 quadratum
584 1946 665 2006 ad
687 1947 753 2005 B
775 1947 832 2007 C
856 1949 1243 2027 quadratum.
1346 1951 1558 2029 Quare
1590 1953 1639 2012 si
1674 1953 1732 2011 in
1766 1953 1896 2023 bE,
1931 1973 2070 2030 quae
2102 1949 2623 2030 perpendicularis

1422 1631 1460 1680 Q
2138 1623 2172 1660 o

17 2050 38 2077 ·“·
78 2058 82 2059 ’
183 2055 280 2104 est
308 2044 388 2104 ad
419 2043 677 2124 cylindri
708 2045 922 2106 basem
954 2047 1310 2109 circularem
1355 2051 1520 2110 NA
1551 2052 1606 2111 O
1652 2050 1711 2110 ἃ
1756 2048 2011 2129 aequalis
2057 2049 2229 2109 radio
2264 2049 2331 2107 A
2364 2049 2426 2119 C,
2459 2069 2621 2107 sum-

185 2207 325 2256 atur
359 2196 498 2256 bH
525 2195 780 2276 aequalis
820 2145 1218 2308 BECZmd':
1264 2203 1380 2262 erit
1425 2204 1566 2262 bH
1602 2203 1680 2262 ad
1728 2203 1850 2262 bE
1898 2214 1966 2260 ut
2012 2201 2266 2261 effectus
2310 2198 2624 2280 particulae

188 2343 250 2403 in
279 2341 535 2424 globum
566 2344 646 2404 ad
677 2345 965 2405 effectum
996 2347 1311 2425 particulae
1344 2349 1403 2408 in
1436 2348 1794 2429 cylindrum.
1890 2349 1977 2407 Et
2006 2361 2334 2427 propterea
2362 2346 2626 2407 solidum

189 2440 358 2519 quod
399 2461 437 2499 a
481 2441 660 2501 rectis
706 2443 992 2503 omnibus
1037 2445 1176 2504 bH
1211 2459 1546 2525 occupatur
1589 2446 1704 2506 erit
1747 2446 1827 2505 ad
1872 2443 2136 2505 solidum
2182 2444 2349 2523 quod
2380 2466 2417 2503 a
2448 2443 2626 2503 rectis

189 2538 627 2622 omnibus-bE
653 2554 1002 2619 occupatur,
1028 2555 1097 2602 ut
1126 2544 1381 2604 effectus
1413 2543 1847 2622 particularum
1880 2543 2154 2603 omnium
2180 2542 2239 2601 in
2262 2540 2517 2622 globum
2548 2541 2628 2600 ad

191 2636 478 2696 effectum
509 2636 944 2716 particularum
976 2641 1252 2701 omnium
1285 2642 1346 2701 in
1379 2640 1738 2721 cylindrum.
1839 2641 1967 2700 Sed
2012 2638 2277 2700 solidum
2323 2639 2490 2717 prius
2534 2650 2630 2697 est

191 2733 539 2815 parabolois
590 2736 821 2796 vertice
877 2736 942 2808 C,
1003 2759 1121 2798 axe
1186 2739 1321 2799 CA
1389 2739 1448 2799 &
1507 2737 1697 2798 latere
1757 2750 1923 2797 recto
1974 2737 2107 2796 CA
2144 2736 2534 2814 descriptum,
2570 2734 2630 2794 &

192 2832 457 2911 solidum
487 2834 793 2912 posterius
839 2847 935 2894 est
986 2834 1298 2914 cylindrus
1346 2834 1727 2915 paraboloidi
1759 2835 2279 2912 circumscriptus:
2328 2834 2387 2893 &
2418 2845 2632 2892 notum

193 2932 292 2992 esf
347 2931 515 3011 quod
574 2929 924 3010 parabolois
973 2932 1053 2992 sit
1103 2934 1378 2993 semissis
1432 2931 1690 3012 cylindri
1743 2931 2196 3010 circumscripti.
2320 2930 2494 3009 Ergo
2538 2929 2633 2988 vis

195 3040 327 3089 tota
377 3028 564 3088 medii
613 3021 681 3087 in'
720 3026 977 3109 globum
1029 3044 1125 3091 est
1171 3030 1364 3110 duplo
1412 3031 1616 3090 minor
1666 3051 1853 3109 quam
1910 3029 2190 3110 ejusdem
2237 3028 2332 3087 vis
2391 3039 2521 3087 tota
2573 3027 2633 3086 in

195 3125 554 3205 cylindrum.
651 3126 738 3186 Et
767 3139 1098 3206 propterea
1127 3129 1177 3188 si
1209 3127 1526 3207 particulae
1572 3128 1758 3187 medii
1791 3127 2198 3206 quiescerent,
2233 3124 2292 3183 &
2323 3122 2632 3202 cylindrus

197 3244 269 3283 ac
317 3222 540 3304 globus
587 3224 810 3304 aequali
862 3247 1002 3285 cum
1055 3224 1385 3286 velocitate
1436 3236 1850 3294 moverentur,
1890 3223 2049 3283 foret
2093 3221 2438 3282 resistentia
2466 3218 2633 3300 globi

197 3320 388 3401 duplo
418 3322 618 3383 minor
646 3343 833 3402 quam
865 3323 1213 3383 resistentia
1242 3321 1515 3402 cylindri.
1610 3323 1683 3396 Q.
1699 3323 1778 3382 E.
1793 3322 1876 3381 D.

1252 3472 1579 3532 Sclzolz'um.

319 3581 563 3642 Eadem
594 3583 891 3644 methodo
922 3583 1137 3664 figurae
1167 3581 1304 3643 aliae
1337 3583 1496 3642 inter
1525 3604 1592 3642 se
1617 3581 1823 3661 quoad
1857 3579 2267 3640 resistentiam
2298 3575 2635 3653 comparari

203 3691 479 3756 possunt,
512 3701 729 3759 eaeque
772 3680 1031 3740 inveniri
1081 3702 1222 3759 quae
1260 3680 1340 3739 ad
1390 3692 1593 3739 motus
1646 3700 1792 3739 suos
1840 3680 1898 3737 in
1949 3676 2168 3735 mediis
2214 3672 2636 3734 resistentibus

205 3775 653 3837 continuandos
677 3777 946 3856 aptiores
970 3790 1128 3837 sunt.
1205 3777 1300 3836 Ut
1329 3777 1379 3836 si
1410 3777 1559 3837 base
1591 3774 1862 3836 circulari
1903 3773 1957 3832 C
1968 3773 2036 3831 E
2050 3772 2114 3831 B
2131 3772 2221 3841 H,
2257 3790 2395 3848 quae
2427 3780 2637 3828 centro
