2852 4250
147 131 269 206 246
975 128 1091 178 DE
1124 129 1245 181 Mo
1253 129 1363 180 To·
1394 127 1700 181 CORPOR
1713 129 1837 181 ΗΜ

141 297 263 360 cati
323 319 440 380 per
498 278 831 360 numerum
893 294 1379 359 intervallorum
1430 296 1595 358 inter
1654 296 1827 377 ipsos
1889 295 1952 358 &
2010 296 2357 360 terminum
2409 298 2648 363 datum.

140 398 349 460 Sunto
382 397 465 472 A,
504 399 572 472 B,
609 398 682 476 C,
722 399 803 472 D,
841 397 918 471 E,
958 397 1011 458 F
1044 397 1342 460 continue
1372 395 1879 479 proportionales
1906 421 1919 471 ;
1953 395 2016 458 &
2046 396 2100 459 si
2131 397 2320 460 detur
2348 400 2658 462 terminus

144 498 218 574 C,
270 512 596 580 momenta
643 497 1028 582 reliquorum
1076 499 1488 560 terminorum
1538 510 1724 559 erunt
1775 498 1940 559 inter
1996 519 2068 560 se
2126 510 2198 560 ut
2226 534 2289 546 —
2323 519 2355 560 2
2402 499 2653 579 A,-B,

147 599 229 673 D,
268 621 299 661 2
329 600 406 673 E,
444 621 477 680 3
506 601 578 664 F.

261 701 462 763 Corol.
503 721 555 763 2.
611 700 701 762 Et
752 701 804 762 si
853 700 914 761 in
970 711 1243 781 quatuor
1294 696 1871 780 proportionalibus
1924 698 2071 761 duae
2123 700 2354 762 mediae
2407 701 2655 777 dentur,

139 814 463 862 momenta
494 813 920 869 extremarum
953 814 1139 862 erunt
1168 813 1238 862 ut
1268 800 1515 862 eaedem
1540 812 1862 862 extremae.
1961 800 2144 863 Idem
2171 800 2655 886 intelligendum

143 914 242 963 est
272 901 356 962 de
386 899 687 961 lateribus
720 900 1068 984 rectanguli
1101 901 1533 984 cujuscunque
1563 901 1714 963 dati.

262 1002 461 1064 Corol.
499 1021 553 1079 3.
614 1001 705 1061 Et
735 1001 787 1061 si
819 1022 1071 1062 summa
1100 999 1203 1063 vel
1235 1001 1594 1063 differentia
1637 1001 1908 1065 duorum
1955 1003 2410 1086 quadratorum
2454 1005 2656 1080 detur,

142 1114 468 1165 momenta
499 1099 766 1163 laterum
799 1115 986 1163 erunt
1015 1102 1337 1184 reciproce
1364 1114 1437 1163 ut
1466 1099 1679 1164 latera.
1767 1165 1772 1171 ,

1223 1362 1566 1425 Scholium.

259 1518 334 1580 In
367 1516 635 1600 epistola
667 1517 944 1600 quadam
969 1518 1052 1579 ad
1083 1518 1169 1581 D.
1202 1517 1280 1595 J.
1314 1518 1662 1580 Collinium
1694 1530 2043 1581 nostratem
2086 1540 2160 1582 10
2196 1520 2457 1583 Decem.
2498 1525 2654 1602 1672

135 1617 302 1692 data,
366 1641 509 1680 cum
569 1619 1050 1700 descripsissem
1127 1618 1501 1680 methodum
1563 1620 1963 1703 tangentium
2036 1643 2230 1703 quam
2290 1623 2661 1705 suspicabar

131 1719 404 1781 eandem
446 1742 588 1781 esse
635 1742 779 1781 cum
829 1718 1136 1781 methodo
1184 1719 1397 1780 Slusii
1437 1733 1572 1780 tum
1620 1721 1906 1783 nondum
1961 1723 2462 1799 communicata;
2509 1725 2656 1786 sub-

124 1820 353 1903 junxi:
442 1821 587 1882 Hoc
645 1828 732 1882 est
788 1842 991 1881 unum
1033 1819 1443 1901 particulare
1499 1821 1599 1882 vel
1656 1823 2069 1884 corollarium
2113 1825 2336 1905 potius
2394 1826 2664 1888 methodi

119 1922 452 2002 generalis,
495 1943 636 2003 quse
674 1921 951 1983 extendit
990 1943 1052 1982 se
1091 1921 1256 1981 citra
1302 1922 1621 1983 molestum
1668 1923 1876 1984 ullum
1927 1925 2254 2002 calculum,
2312 1949 2437 1988 non
2484 1928 2661 1989 modo

128 2022 220 2083 ad
240 2022 585 2083 ducendum
611 2030 926 2105 tangentes
947 2021 1039 2082 ad
1052 2022 1305 2103 quasvis
1325 2044 1553 2084 curvas
1572 2022 1700 2085 sive
1715 2026 2116 2106 geometricas
2135 2026 2261 2088 sive
2283 2028 2663 2091 mechanicas

132 2125 233 2185 vel
282 2123 816 2205 quomodocunque
884 2131 1081 2184 rectas
1139 2123 1338 2184 lineas
1395 2123 1631 2185 aliasve
1693 2146 1920 2188 curvas
1988 2127 2380 2208 respicientes,
2443 2150 2660 2191 verum

130 2224 456 2285 etiamad
478 2224 902 2286 resolvendum
946 2223 1080 2285 alia
1125 2223 1517 2285 abstrusiora
1545 2226 2015 2306 problematum
2046 2250 2285 2310 genera
2329 2229 2403 2291 de
2449 2232 2656 2293 curvi-

130 2327 378 2402 tatibus,
411 2327 596 2402 areis,
645 2325 1163 2408 longitudinibus,
1210 2326 1439 2388 centris
1477 2328 1837 2409 gravitatis
1886 2352 2236 2391 curvarum
2292 2332 2418 2398 &a
2475 2354 2664 2415 neque

132 2427 676 2508 (quemadmodum
759 2427 1093 2489 Huddenii
1148 2428 1465 2491 metlzodus
1525 2429 1599 2490 de
1670 2430 1965 2493 maximis
2042 2433 2126 2497 69³
2197 2431 2519 2510 minimis)
2575 2433 2666 2494 ad

125 2528 285 2589 solas
358 2528 787 2610 restringitur
840 2529 1209 2611 (equationes
1267 2530 1419 2592 illas
1490 2554 1633 2614 quae
1699 2533 2166 2615 quantitatibus
2236 2534 2451 2596 surdis
2505 2542 2662 2597 sunt

130 2629 452 2691 immunes.
576 2631 664 2691 H
656 2652 774 2691 anc
832 2629 1184 2691 metlzodum
1244 2631 1588 2694 intertexui
1641 2634 1838 2696 alteri
1890 2634 2005 2696 isti
2056 2656 2183 2716 qua
2233 2635 2657 2718 aequationum

132 2730 397 2812 exegesin
429 2730 692 2793 instituo
723 2730 1057 2793 reducendo
1087 2753 1186 2793 eas
1213 2731 1306 2792 ad
1325 2733 1506 2795 series
1553 2733 1860 2816 infinitas,
1983 2735 2318 2798 Hactenus
2368 2735 2654 2818 epistola.

137 2831 228 2891 Et
279 2831 417 2892 haec
469 2829 691 2893 ultima
742 2833 941 2894 verba
999 2846 1293 2914 spectant
1351 2834 1434 2895 ad
1490 2848 1827 2898 tractatum
1881 2859 2074 2919 quem
2127 2859 2297 2900 anno
2359 2843 2512 2918 1671
2573 2838 2658 2900 de

134 2929 232 2990 his
286 2930 475 2992 rebus
521 2932 910 3013 scripseram.
1036 2935 1334 2997 Methodi
1365 2958 1522 3000 vero
1567 2937 1755 3021 hujus
1799 2938 2118 3021 generalis
2170 2939 2656 3003 fundamentum

133 3031 493 3094 continetur
524 3032 586 3093 in
619 3031 919 3096 lemmate
950 3037 1370 3116 praecedente.

427 3303 1077 3368 PROPOSITIO
1155 3308 1389 3372 VIII.
1517 3310 2137 3375 THEOREMA
2217 3314 2352 3378 VI.

132 3458 219 3521 Si
286 3468 508 3542 corpus
565 3461 637 3523 in
701 3462 895 3525 medio
953 3462 1284 3545 uniformi,
1334 3467 1662 3548 gravitate
1717 3468 2137 3551 uniformiter
2190 3478 2417 3554 agente,
2494 3478 2660 3534 recta

221 3575 513 3637 ascendat
561 3578 661 3639 vel
704 3577 1034 3655 descendat,
1083 3581 1167 3646 (ἴτ’
1215 3582 1494 3662 spatium
1539 3590 1740 3645 totum
1792 3586 2168 3669 descriptum
2218 3588 2664 3670 distinguatur

226 3692 297 3753 in
327 3700 550 3773 partes
596 3695 871 3776 aequales,
927 3694 1116 3777 inque
1148 3697 1499 3779 principiis
1547 3700 1957 3783 singularum
1994 3704 2298 3785 partium
2349 3704 2659 3782 (addendo

220 3807 635 3870 resistentiam
708 3809 902 3871 medii
967 3810 1060 3871 ad
1127 3812 1257 3873 vim
1316 3815 1682 3896 gravitatis,
1752 3820 2003 3900 quando
2075 3829 2299 3903 corpus
2367 3820 2656 3893 ascendit,

215 3922 317 3983 vel
392 3922 776 3986 subducendo
857 3925 1059 4006 ipsam
1138 3930 1388 4010 quando
1475 3940 1699 4014 corpus
1784 3935 2120 4013 descendit)
2207 3936 2661 4018 investigentur

2839 3738 2852 3831 j
