2852 4250
170 145 298 220 406
951 143 1071 193 DE
1102 143 1392 195 MUNDJ
1416 141 1777 194 SYSTEMA
1785 141 1887 193 TE

170 309 461 372 mercurii
490 309 556 391 in
588 331 862 392 vapores
906 309 1123 372 statim
1168 294 1386 372 abiretss
1484 307 1659 370 Nam
1689 305 1801 369 lux
1844 306 2013 383 soliS‚
2047 308 2147 372 cui
2200 299 2372 376 calor
2415 302 2678 399 propor-

170 408 423 476 tionalis
455 422 569 484 est,
602 408 900 492 septuplo
929 410 1188 472 densior
1216 421 1317 471 est
1361 408 1424 470 in
1456 407 1612 470 orbe
1656 408 1948 470 mercurii
1979 429 2173 491 quam
2204 412 2376 493 apud
2408 435 2527 477 nos
2555 440 2568 479 :
2615 416 2680 479 &

171 509 630 572 thermometro
683 523 985 592 expertus
1034 531 1176 572 sum
1232 508 1407 591 quod
1452 508 1749 590 septuplo
1793 507 1945 572 solis
1998 510 2205 572 aestivi
2254 511 2463 576 calore
2510 537 2680 598 aqua

171 609 406 673 ebullit.
508 607 811 672 'Dubium
858 632 1015 672 vero
1063 630 1192 672 non
1245 621 1345 670 est
1392 608 1545 690 quin
1606 610 1873 671 materia
1923 611 2212 672 mercurii
2261 611 2344 673 ad
2404 612 2680 677 calorem

171 711 700 784 accommodetur,
754 710 817 771 Sc
862 721 1205 791 propterea
1251 709 1511 771 densior
1568 709 1652 771 sit
1711 709 1830 771 hac
1883 722 2134 786 nostra;
2210 733 2355 774 cum
2415 715 2682 776 materia

173 812 380 872 omnis
421 811 679 873 densior
723 810 808 871 ad
855 809 1259 891 operationes
1308 807 1627 871 naturales
1675 809 2006 872 obeundas
2046 811 2354 895 majorem
2407 811 2682 876 calorem

173 912 465 993 requirat.

508 1108 1153 1173 PROPOSITIO
1234 1109 1375 1172 IX.
1501 1108 2119 1172 THEOREMA
2199 1108 2338 1175 IX.

176 1264 572 1327 Gravitatem
586 1265 904 1348 pergendo
933 1288 974 1327 a
1002 1264 1434 1347 superficiebus
1460 1265 1882 1346 planetarum
1925 1264 2211 1328 deorsum
2254 1265 2578 1331 decrescere
2611 1267 2682 1331 in
2758 1259 2769 1266 ’

633 1381 879 1443 ratione
903 1380 1365 1443 distantiarum
1393 1403 1433 1442 a
1463 1388 1670 1442 centro
1697 1402 1891 1462 quam
1904 1380 2215 1462 proxime.

258 1550 330 1612 Si
384 1551 649 1613 materia
696 1550 972 1633 planetae
1033 1551 1247 1634 quoad
1300 1550 1685 1613 densitatem
1744 1549 2076 1613 uniformis
2136 1563 2323 1626 esset,
2370 1551 2689 1615 obtineret
2715 1526 2719 1531 Ι
2833 1632 2836 1634 v

169 1648 308 1712 haec
338 1652 691 1732 propositio
721 1665 1011 1715 accurate
1041 1677 1052 1715 :
1101 1675 1216 1734 per
1245 1675 1422 1734 prop.
1458 1672 1669 1713 Lxxm
1699 1649 1802 1714 lib.
1850 1673 1897 1714 1.
2014 1652 2214 1715 Error
2244 1639 2438 1736 igitur
2468 1666 2706 1715 tantus·
2832 1621 2852 1771 ξ

170 1764 284 1826 est,
318 1766 594 1834 quantus
624 1754 707 1815 ab
739 1752 1103 1836 inaequabili
1135 1754 1454 1817 densitate
1484 1753 1631 1816 oriri
1662 1753 1880 1834 possit.
2838 1775 2852 1838 j

580 1981 1226 2047 PROPOSITIO
1306 1981 1400 2045 X.
1498 1980 2115 2045 THEOREMA
2195 1983 2289 2048 X.

458 2139 555 2201 M
549 2147 689 2202 otus
701 2141 1124 2221 planetarum
1155 2137 1226 2199 in
1256 2138 1422 2201 coelz's
1451 2137 1799 2201 dz‘utzksz’me
1825 2139 2188 2201 conservari
2196 2147 2389 2221 posse.

291 2310 366 2371 In
421 2308 660 2373 scholio
713 2309 1167 2392 propositionis
1221 2329 1308 2370 XL
1355 2307 1459 2371 lib.
1524 2329 1590 2370 11
1648 2320 1980 2371 ostensum
2053 2323 2153 2373 est
2218 2310 2393 2393 quod
2452 2309 2684 2395 globus

167 2432 353 2492 aquae
414 2411 784 2495 congelatae,
845 2412 908 2473 in
967 2421 1116 2474 ae're
1176 2424 1395 2474 nostro
1453 2409 1652 2472 libere
1711 2411 2037 2474 movendo
2097 2412 2160 2474 &
2218 2410 2685 2496 longitudinem

169 2513 625 2575 semidiametri
674 2536 810 2575 suae
858 2511 1301 2588 describendo,
1348 2533 1431 2573 ex
1483 2511 1844 2573 resistentia
1887 2511 2052 2573 aeris
2100 2513 2424 2575 amitteret
2469 2525 2683 2600 motus

169 2612 265 2673 sui
319 2627 567 2694 partem
615 2614 770 2682 ῑέπ.
897 2613 1167 2676 Obtinet
1219 2626 1433 2674 autem
1483 2612 1711 2674 eadem
1763 2613 2091 2694 proportio
2145 2635 2339 2695 quam
2391 2614 2684 2695 proxime

170 2711 232 2772 in
285 2711 493 2795 globis
543 2728 866 2797 utcunque
915 2714 1165 2797 magnis
1220 2712 1282 2775 &
1322 2711 1665 2775 velocibus,
1774 2713 1923 2795 Jam
1976 2736 2132 2777 vero
2182 2713 2447 2797 globum
2496 2728 2684 2778 terrae

169 2827 403 2875 nostrae
434 2815 796 2878 densiorem
828 2838 985 2890 esse,
1019 2837 1214 2897 quam
1259 2814 1312 2876 si
1359 2827 1532 2877 totus
1579 2837 1662 2876 ex
1709 2836 1879 2896 aqua
1926 2828 2260 2890 constaret,
2281 2816 2384 2879 'sic
2432 2815 2679 2900 colligo,

170 2912 243 2973 Si
273 2912 501 2995 globus
551 2915 726 2977 hicce
775 2929 947 2978 totus
997 2928 1169 2978 esset
1211 2937 1474 2997 aqueuS,
1508 2937 1910 2997 quaecunque
1962 2917 2200 2979 rariora
2244 2931 2460 2980 essent
2490 2939 2684 2999 quam

168 3033 353 3093 aqua,
409 3014 492 3075 ob
541 3016 851 3077 minorem
904 3016 1266 3097 specificam
1310 3016 1696 3097 gravitatem
1741 3030 2145 3100 emergerent
2198 3017 2260 3079 &
2311 3031 2682 3100 supernata-

168 3124 327 3173 rent.
426 3113 655 3195 anue
703 3115 785 3177 de
834 3138 1025 3177 causa
1071 3114 1302 3199 globus
1352 3128 1597 3177 terreus
1650 3116 1834 3197 aquis
1887 3116 2172 3198 undique
2219 3130 2573 3199 coopertuS‚
2628 3117 2683 3179 si

170 3213 369 3275 rarior
441 3228 612 3275 esset
686 3237 879 3296 quam
939 3238 1122 3298 aqua,
1184 3229 1543 3299 emergeret
1601 3214 1847 3291 alicubi,
1913 3216 1976 3278 &
2035 3239 2205 3299 aqua
2262 3218 2470 3280 omnis
2530 3218 2682 3281 inde

169 3313 459 3376 defluens
505 3329 1001 3398 congregaretur
1044 3317 1108 3377 in
1154 3317 1418 3399 regione
1464 3317 1778 3397 opposita.
1876 3317 1967 3379 Et
1996 3339 2113 3399 par
2142 3330 2242 3380 est
2286 3318 2447 3380 ratio
2492 3331 2680 3381 terrae

169 3428 403 3477 nostrae
436 3417 716 3477 maribus
765 3410 1000 3499 magna
1035 3439 1117 3479 ex
1164 3430 1346 3499 parte
1394 3417 1818 3481 circumdatae.
1919 3418 2088 3480 Haec
2139 3418 2192 3479 si
2241 3418 2502 3481 densior
2548 3440 2678 3481 non

165 3529 350 3589 esset,
386 3531 742 3599 emergeret
773 3539 854 3578 ex
885 3517 1179 3589 maribuS‚
1216 3516 1277 3578 &
1325 3531 1506 3598 parte
1547 3518 1644 3579 sui
1690 3540 1807 3599 pro
1854 3518 2059 3601 gradu
2108 3516 2384 3580 levitatis
2432 3531 2681 3582 extaret

163 3638 245 3676 ex
305 3638 487 3697 aqua,
552 3618 831 3679 maribus
893 3618 1188 3679 omnibus
1242 3618 1305 3678 in
1367 3619 1696 3700 regionem
1771 3619 2135 3700 oppositam
2196 3619 2679 3682 confluentibus,

167 3715 422 3777 Eodem
454 3730 832 3799 argumento
864 3716 1129 3779 maculae
1161 3717 1400 3780 solares
1431 3717 1704 3781 leviores
1751 3732 1903 3782 sunt
1933 3741 2127 3802 quam
2173 3719 2440 3781 materia
2469 3717 2680 3781 lucida

163 3815 386 3878 solaris
447 3818 546 3878 cui
606 3830 1037 3899 supernatant.
1177 3819 1268 3879 Et
1327 3819 1391 3879 in
1450 3818 1832 3883 formatione
1902 3819 2328 3902 qualicunque
2387 3818 2676 3901 planeta-

164 3938 322 3998 rum,
357 3943 438 3983 ex
471 3943 639 4004 aqua
669 3921 934 3983 materia
979 3920 1184 3983 omnis
1215 3921 1487 4004 gravior,
1522 3944 1651 4004 quo
1698 3937 1986 4006 tempore
2036 3945 2247 3986 massa
2294 3923 2490 3985 fluida
2519 3936 2697 3998 erat,.

2810 3550 2815 3581 ..
2807 3338 2820 3451 ψη..-
2811 3306 2817 3315 .
2811 3221 2818 3261 ἢ,
