2852 4250
166 81 294 158 436
630 83 633 86 ’
715 133 718 136 Α
958 72 1076 123 DE
1110 71 1188 123 Μ
1191 69 1399 124 UNDI
1425 70 1471 123 S
1481 71 1786 125 YSTEMA
1794 74 1894 125 TE

163 261 301 311 tum
346 245 523 310 sinus
575 240 792 328 anguli
853 243 911 306 C
934 241 1000 303 T
1006 241 1084 304 P.
1213 239 1290 302 Id
1343 240 1520 322 quod
1571 241 1729 305 satis
1773 243 2067 308 accurate
2118 243 2247 323 fiet,
2301 245 2356 310 si
2409 257 2684 332 tangens
2727 236 2761 261 ”

163 347 381 434 anguli
440 348 498 411 C
528 348 670 411 ΤΡ
713 345 1105 408 diminuatur
1149 344 1212 405 in
1262 341 1709 426 subduplicata
1753 347 2000 412 ratione
2045 349 2291 413 numeri
2346 370 2549 433 10973
2600 354 2685 417 ad
2754 340 2761 373 ²

166 472 502 513 numerum
542 465 764 529 11073‚
800 447 864 510 id
896 458 1011 519 est,
1046 446 1108 507 in
1154 444 1398 507 ratione
1444 447 1690 509 numeri
1746 451 2021 532 68‚6877
2053 451 2137 514 ad
2190 474 2526 517 numerum
2555 439 2682 535 69.

167 551 319 634 Quo
349 563 539 634 pacto
569 563 843 634 tangens
891 545 1108 630 anguli
1145 546 1204 608 C
1228 546 1295 607 T
1301 547 1366 606 P
1397 546 1535 630 jam
1566 547 1687 611 erit
1730 550 1815 612 ad
1845 563 2219 637 tangentem
2250 567 2463 618 motus
2493 557 2688 620 medii

166 667 238 718 ut
268 656 350 718 68
354 656 547 733 ,6877
578 651 662 714 ad
700 667 795 730 70,
829 648 892 711 &
932 645 1205 730 angulus
1242 646 1301 708 C
1331 647 1397 708 T
1406 648 1518 709 P
1502 669 1566 710 1n
1612 653 1994 732 octantibuS,
2025 654 2136 717 ubi
2182 668 2394 764 motus
2439 657 2690 721 medius

168 768 268 819 est
312 763 453 835 458¹·
487 751 849 815 invenietur
893 757 1035 826 44³¹·
1087 743 1192 826 27'
1240 745 1366 808 28''
1412 748 1522 829 qui
1738 793 1745 796 -
2040 784 2143 840 S·:'2':·

166 855 519 919 subductus
578 852 662 915 de
738 848 978 934 angulo
1042 860 1256 910 motus
1324 848 1520 911 medii
2099 840 2114 858 '

169 965 311 1036 452¹·
360 952 661 1036 relinquit
712 949 1130 1013 variationem
1177 948 1524 1012 maximam

171 1054 274 1136 32'
330 1054 470 1135 32''.
591 1052 757 1115 Haec
819 1051 905 1114 ita
966 1072 1037 1113 se
1098 1050 1411 1113 haberent
1470 1053 1523 1114 si

166 1158 332 1233 luna,
368 1154 703 1240 pergendo
734 1175 773 1216 a
804 1152 1197 1236 quadratura
1225 1151 1309 1214 ad
1341 1174 1523 1235 syzy-

172 1257 366 1342 giam,
438 1254 829 1319 describeret
903 1251 1208 1338 angulum
1283 1254 1342 1317 C
1372 1255 1520 1316 TA

168 1357 487 1443 graduum
513 1369 762 1419 tantum
789 1356 1158 1440 nonaginta.
1276 1355 1523 1419 Verum

168 1460 255 1522 ob
302 1473 547 1523 motum
597 1472 801 1533 terrae,
855 1480 985 1541 quo
1038 1457 1132 1521 sol
1189 1458 1252 1520 in
1301 1480 1522 1521 conse-

169 1561 432 1644 quentia
480 1574 658 1623 motu
713 1571 1065 1643 apparente
1130 1559 1521 1634 transfertur,

168 1661 334 1735 luna,
362 1662 735 1744 priusquam
767 1660 969 1725 solem
1001 1662 1376 1744 assequitur,
1411 1661 1520 1724 de-

169 1765 386 1827 scribit
438 1763 744 1848 angulum
806 1765 864 1827 C
886 1764 951 1825 T
963 1787 1005 1825 a
1058 1762 1296 1847 angulo
1350 1777 1524 1827 recto
1695 1833 1702 1844 ¹

170 1867 476 1950 majorem
517 1867 579 1927 in
627 1866 873 1929 ratione
919 1866 1226 1948 temporis
1273 1864 1521 1928 revolu-
1565 1878 1605 1917 D
1686 1849 1698 1877 ³

169 1967 360 2030 tionis
391 1966 628 2029 lunaris
660 1966 986 2050 synodicae
1018 1967 1102 2028 ad
1135 1980 1389 2049 tempus
1429 1989 1521 2029 re-

169 2068 512 2131 volutionis
544 2068 907 2150 periodicae‚
943 2068 1007 2129 id
1040 2080 1153 2142 est,
1182 2068 1244 2130 in
1279 2068 1526 2131 ratione

173 2167 288 2247 29⁶¹·
335 2167 447 2230 12¹¹·
483 2168 591 2248 44'
631 2168 715 2230 ad
767 2167 885 2248 27d·
927 2166 999 2248 7¹¹·
1048 2166 1170 2249 43'.
1268 2169 1360 2231 Et
1405 2168 1527 2232 hoc

168 2285 357 2353 pacto
388 2270 605 2355 anguli
653 2293 879 2335 omnes
926 2271 1091 2333 circa
1136 2284 1428 2334 centrum
1473 2271 1539 2333 T

166 2372 514 2436 dilatantur
545 2375 607 2436 in
640 2373 870 2436 eadem
921 2373 1182 2447 ratione,
1218 2372 1281 2435 &
1312 2371 1582 2435 variatio
1614 2372 1910 2446 maxima,
1945 2394 2092 2455 quae
2139 2394 2326 2435 secus
2373 2385 2545 2435 esset
2593 2371 2695 2453 32'

172 2474 311 2555 32'',
338 2476 474 2558 jam
507 2488 693 2538 aucta
725 2476 787 2538 in
820 2476 1050 2539 eadem
1082 2475 1330 2538 ratione
1362 2474 1434 2537 fit
1467 2496 1501 2555 3
1513 2473 1570 2554 5'
1610 2474 1744 2538 10''.

291 2577 457 2639 Haec
489 2591 587 2640 est
619 2578 757 2661 ejus
804 2577 1183 2662 magnitudo
1217 2578 1279 2639 in
1327 2577 1632 2640 mediocri
1665 2575 1970 2639 distantia
2014 2574 2168 2639 solis
2214 2598 2253 2638 a
2305 2573 2691 2661 terra,“neg-

167 2676 345 2741 lectis
377 2679 750 2743 differentiis
783 2683 929 2762 quae
962 2701 1000 2741 a
1031 2691 1371 2742 curvatura
1402 2678 1575 2741 orbis
1606 2677 1824 2763 magni
1862 2678 2216 2761 majorique
2246 2676 2398 2741 solis
2443 2678 2693 2741 actione

169 2780 232 2841 in
293 2779 509 2842 lunam
563 2780 860 2843 falcatam
919 2780 981 2843 &
1034 2802 1272 2843 novam
1326 2802 1520 2863 quam
1584 2780 1647 2841 in
1707 2779 2047 2862 gibbosam
2104 2779 2167 2842 &
2218 2778 2476 2863 plenam
2544 2780 2691 2844 oriri

169 2882 432 2963 possint.
534 2883 608 2944 In
641 2881 779 2944 aliis
804 2881 1124 2944 distantiis
1155 2879 1308 2943 solis
1340 2903 1378 2943 a
1403 2894 1572 2943 terra
1615 2881 1886 2943 variatio
1917 2881 2199 2943 maxima
2228 2893 2329 2944 est
2352 2881 2415 2943 in
2448 2881 2693 2944 ratione

171 3003 316 3063 quae
363 2983 765 3064 componitur
795 3006 877 3045 ex
908 2981 1230 3064 duplicata
1275 2983 1521 3046 ratione
1553 2982 1860 3064 temporis
1906 2981 2321 3046 revolutionis
2366 2983 2692 3066 synodicae
2776 2967 2778 2970 ‚

168 3080 405 3144 lunaris
443 3082 617 3165 (dato
648 3084 796 3145 anni
831 3083 1146 3167 tempore)
1182 3084 1423 3147 directe
1470 3083 1532 3147 8c
1564 3082 1880 3166 triplicata
1910 3084 2156 3148 ratione
2186 3085 2509 3148 distantiae
2538 3083 2691 3149 solis

169 3204 208 3243 a
239 3195 407 3244 terra
453 3183 721 3247 inverse.
823 3184 1111 3268 Ideoque
1144 3186 1207 3248 in
1254 3208 1527 3270 apogaeo
1581 3185 1734 3248 solis
1780 3186 2052 3250 variatio
2097 3187 2380 3249 maxima
2431 3200 2533 3249 est
2587 3186 2693 3268 33'

180 3284 310 3364 14'',
347 3285 409 3347 &
440 3286 503 3347 in
536 3286 672 3369 ejus
704 3287 987 3370 perigaeo
1021 3288 1124 3368 37'
1166 3310 1186 3349 1
1209 3287 1299 3363 1'',
1334 3289 1386 3351 si
1419 3288 1614 3351 modo
1646 3289 2079 3352 eccentricitas
2109 3288 2262 3354 solis
2292 3290 2376 3352 sit
2404 3289 2488 3352 ad
2519 3290 2690 3354 orbis

170 3386 388 3471 magni
419 3387 963 3450 semidiametrum
996 3401 1426 3452 transversam
1458 3403 1529 3452 ut
1569 3390 1716 3459 Ιόὲὲ
1745 3390 1829 3453 ad
1870 3412 2048 3455 1000.

290 3489 627 3552 Hactenus
674 3489 1092 3552 variationem
1139 3491 1671 3575 investigavimus
1725 3493 1788 3555 in
1835 3493 1991 3556 orbe
2039 3513 2168 3556 non
2221 3492 2589 3566 eccentrico,
2623 3491 2687 3554 in
2766 3547 2769 3550 ⁴
2849 3530 2852 3548 «

165 3613 295 3674 quo
341 3591 564 3674 utique
616 3589 768 3652 luna
820 3590 884 3652 in
938 3593 1299 3654 octantibus
1345 3594 1476 3655 suis
1518 3587 1774 3677 semper
1803 3607 1903 3658 est
1948 3594 2011 3656 in
2066 3593 2369 3657 mediocri
2399 3615 2518 3656 sua
2561 3593 2687 3656 dis-

166 3692 368 3755 tantia
427 3714 467 3754 a
526 3704 709 3755 terra.
825 3691 896 3754 Si
950 3690 1101 3754 luna
1160 3707 1423 3776 propter
1474 3697 2011 3759 eccentricitatem
2073 3717 2256 3758 suam
2323 3694 2530 3780 magis
2581 3691 2687 3758 vel

168 3794 377 3856 minus
422 3793 619 3856 distat
662 3815 702 3855 a
749 3805 918 3855 terra
970 3815 1164 3876 quam
1210 3795 1262 3856 si
1308 3793 1623 3859 locaretur
1670 3798 1733 3859 in
1783 3797 1905 3861 hoc
1957 3797 2131 3876 orbe,
2179 3797 2449 3860 variatio
2495 3794 2686 3880 paulo

167 3895 370 3979 major
414 3917 556 3959 esse
601 3908 816 3978 potest
845 3893 949 3958 vel
998 3893 1190 3978 paulo
1236 3894 1444 3959 minor
1473 3918 1667 3979 quam
1716 3920 1834 3981 pro
1875 3896 2095 3983 regula
2140 3897 2242 3961 hic
2287 3896 2522 3962 allata:
2567 3895 2685 3961 sed
2759 3888 2762 3893 ’
