2846 4224
1093 99 1331 149 LIBER
1363 100 1669 151 PRIMUS.
2524 127 2555 185 7
2569 132 2589 169 Ι

90 261 95 317 ’Ϊ
167 263 468 328 locabitur
516 273 815 341 punctum
864 261 928 320 Z
971 260 1033 319 in
1085 260 1427 339 hyperbola
1470 262 1643 341 cujus
1687 262 1956 324 umbilici
2000 277 2146 325 sunt
2185 268 2253 326 A
2305 267 2365 327 &
2405 270 2484 339 B,
2539 271 2599 331 &

166 359 516 444 principalis
560 358 694 418 axis
737 356 1085 417 differentia
1115 356 1218 417 illa
1245 357 1409 419 data.
1502 358 1602 418 Sit
1641 360 1777 429 axis
1809 358 1908 419 ille
1937 361 2135 421 MN.
2228 362 2401 441 Cape
2438 366 2611 424 PM

167 459 248 522 ad
277 455 444 518 MA
477 467 548 515 ut
576 467 672 514 est
710 454 896 513 MN
929 453 1009 513 ad
1053 454 1120 513 A
1145 455 1224 525 B,
1259 454 1320 514 &
1349 468 1554 515 erecta
1595 458 1741 516 PR
1786 456 2274 536 perpendiculari
2305 459 2384 518 ad
2427 461 2494 519 A
2517 462 2598 533 B,

84 572 90 574 “
167 556 561 632 demissaque
597 552 661 612 Z
678 553 744 611 R
774 550 1263 630 perpendiculari
1299 551 1379 610 ad
1423 553 1611 623 PR,·
1653 554 1782 624 erit,
1816 576 1895 614 ex
1925 566 2143 613 natura
2171 554 2352 634 hujus
2382 555 2602 634 hyper-

169 652 344 724 bolae,
374 651 438 711 Z
455 651 522 710 R
551 649 631 709 ad
661 649 729 708 A
754 650 817 708 Z
842 662 910 708 ut
940 661 1036 708 est
1070 648 1256 707 MN
1290 648 1372 707 ad
1415 649 1483 708 A
1507 649 1587 708 B.
1679 650 1879 710 Simili
1910 652 2189 711 discursu
2220 665 2517 730 punctum
2545 654 2608 712 Z

0 751 17 822 ,ἓ
166 749 464 812 locabitur
507 747 568 806 in
613 744 733 806 alia
775 742 1134 824 hyperbola‚
1183 744 1357 824 cujus
1403 743 1671 805 umbilici
1716 761 1860 808 sunt
1903 748 1991 819 A,
2043 748 2100 807 C
2145 748 2206 807 δε
2255 745 2644 827 principalis*

153 847 299 908 'axis
357 844 703 905 differentia
760 843 920 903 inter
974 842 1043 901 A
1067 842 1130 900 Z
1185 840 1245 901 ἃ
1309 842 1365 901 C
1375 842 1450 913 Z,
1511 842 1778 923 ducique
1836 858 2044 924 potest
2103 845 2238 918 QS
2292 845 2406 923 ipsi
2456 845 2524 903 A
2558 846 2614 904 C

166 939 703 1024 perpendiculariS,
750 940 830 1000 ad
877 959 1066 1019 quam
1118 938 1169 997 si
1222 938 1302 997 ab
1354 938 1712 1017 hyperbolae
1764 942 1945 1023 hujus
1997 955 2226 1021 puncto
2277 942 2498 1022 quovis
2548 942 2611 1001 Z

168 1040 529 1102 demittatur
571 1036 864 1097 normalis
907 1036 970 1096 Z
988 1036 1053 1105 S,
1089 1035 1222 1095 haec
1265 1035 1450 1096 fuerit
1493 1036 1574 1096 ad
1617 1039 1686 1098 A
1709 1040 1772 1099 Z
1811 1053 1880 1099 ut
1922 1053 2018 1100 est
2061 1039 2406 1100 differentia
2451 1039 2610 1098 inter

169 1138 237 1198 A
258 1137 322 1197 Z
350 1135 411 1196 &
446 1136 503 1195 C
512 1135 575 1194 Z
610 1134 689 1193 ad
730 1134 798 1193 A
830 1134 893 1194 C.
990 1133 1239 1193 Dantur
1281 1155 1432 1214 ergo
1477 1135 1744 1196 rationes
1798 1138 2067 1216 ipsarum
2110 1138 2172 1196 Z
2186 1139 2251 1197 R
2283 1136 2342 1196 &
2370 1137 2432 1196 Z
2448 1136 2503 1195 S
2527 1135 2607 1195 ad

7 1299 13 1303 Α
166 1235 234 1295 Α
260 1234 335 1308 Ζ,
384 1232 444 1293 8τ.
488 1232 714 1292 idcirco
758 1230 942 1291 datur
984 1232 1323 1292 earundem
1367 1232 1430 1291 Z
1443 1233 1510 1291 R

0 1358 12 1381 ¹r
67 1404 70 1408 ⁴
182 1331 244 1392 &
283 1331 347 1390 Z
366 1331 422 1390 S
460 1330 617 1390 ratio
660 1329 741 1388 ad
787 1329 1088 1402 invicem;
1138 1330 1425 1409 ideoque.
1456 1330 1509 1390 si

168 1442 352 1491 rectae
395 1429 556 1498 RP,
604 1427 661 1487 S
677 1426 733 1500 Q
780 1439 1145 1487 concurrant
1196 1428 1257 1487 in
1323 1427 1390 1498 T,
1446 1427 1506 1487 ἃ

166 1539 430 1609 agantur
476 1526 612 1585 TZ
653 1524 714 1585 ἃ
769 1525 933 1596 TA,
973 1524 1170 1605 figura
1222 1525 1515 1584 TRZS

167 1626 413 1687 dabitur
461 1623 688 1703 specie,
744 1622 805 1683 &
856 1635 1023 1683 recta
1093 1623 1156 1682 T
1161 1624 1225 1683 Z
1272 1622 1333 1682 in
1387 1644 1511 1703 qua

166 1735 462 1804 punctum
519 1723 582 1782 Z
644 1719 865 1781 alicubi
938 1719 1188 1791 locatur,
1265 1720 1512 1780 dabitur

170 1820 492 1901 positione.
589 1820 859 1880 Dabitur
893 1819 1081 1879 etiam
1127 1831 1294 1879 recta
1350 1818 1509 1889 TA,

0 1830 4 1876 V

0 1882 4 2040 ἰ
168 1931 238 1979 ut
295 1918 357 1979 &
419 1915 684 1999 angulus
747 1918 899 1977 AT
888 1918 951 1977 Z
965 1942 989 1987 ,·
1059 1916 1119 1976 &
1182 1916 1264 1977 ob
1333 1915 1512 1975 datas

167 2017 436 2078 rationes
467 2016 739 2095 ipsarum
786 2016 853 2074 A
875 2015 939 2075 Z
977 2036 1048 2075 ac
1104 2015 1166 2074 T
1172 2014 1235 2074 Z
1274 2013 1354 2073 ad
1384 2013 1447 2073 Z
1463 2014 1519 2072 S

0 2042 9 2196 i
167 2114 415 2175 dabitur
470 2113 814 2174 earundem
867 2112 1023 2172 ratio
1080 2111 1162 2171 ad
1216 2111 1515 2179 invicem;

170 2211 232 2272 81
290 2210 435 2271 inde
493 2209 743 2269 dabitur
800 2206 1177 2289 triangulum
1253 2207 1321 2266 A
1363 2207 1426 2265 T
1437 2206 1510 2276 Z,

168 2309 340 2391 cujus
370 2320 588 2368 vertex
618 2319 715 2367 est
744 2320 1042 2386 punctum
1072 2307 1145 2367 Z.
1240 2305 1479 2379 QEJ.
1561 2323 1573 2335 ·

285 2406 417 2465 Cas.
457 2425 508 2465 2.
559 2405 628 2465 Si
673 2405 815 2464 duae
859 2425 939 2464 ex
983 2404 1178 2463 tribus
1222 2400 1416 2472 lineiS,
1454 2413 1606 2480 puta
1647 2401 1715 2460 A
1739 2399 1801 2459 Z
1844 2397 1903 2458 &
1945 2397 2010 2457 Β
2026 2396 2102 2470 Ζ,
2149 2405 2487 2474 aequantur,
2527 2391 2612 2451 ita

0 2502 9 2606 ᾗ
172 2525 290 2585 age
341 2516 571 2563 rectam
636 2503 699 2562 Τ
705 2503 778 2573 Ζ,
833 2516 901 2563 ut
951 2502 1186 2561 bisecet
1237 2512 1467 2559 rectam
1518 2498 1586 2557 A
1610 2498 1715 2568 B,·
1772 2496 1916 2556 dein
1970 2514 2181 2574 quaere
2238 2487 2611 2571 triangulum

0 2650 5 2696 t

0 2778 5 2812 k

0 2632 3 2640 ·
77 2599 79 2601 ’
173 2602 240 2661 Α
278 2601 420 2660 TZ
449 2613 517 2659 ut
547 2621 749 2679 supra.

0 2699 16 2769 ξ’
288 2699 420 2759 Cas,
460 2718 511 2775 3.
562 2698 631 2758 Si
676 2718 893 2758 omnes
939 2709 1063 2756 tres
1110 2706 1450 2775 aequantur,
1496 2691 1796 2754 locabitur
1839 2703 2138 2771 punctum
2188 2688 2251 2748 Z
2295 2687 2356 2747 in
2401 2696 2612 2745 centro

174 2794 377 2856 circuli
406 2817 519 2875 per
546 2808 776 2875 puncta
796 2794 886 2865 A,
917 2794 995 2864 B,
1036 2794 1092 2853 C
1114 2791 1503 2852 transeuntis
1597 2790 1670 2864 Q.
1694 2790 1773 2849 E.
1797 2790 1852 2850 J.

285 2892 564 2955 Solvitur
606 2892 794 2953 etiam
840 2891 957 2952 hoc
1000 2890 1227 2950 lemma
1271 2887 1781 2969 problematicum
1842 2907 1953 2965 per
2001 2883 2225 2945 librum
2277 2882 2612 2943 tactionum

162 2983 503 3070 'Apollonii
525 3012 563 3051 a
608 2990 671 3050 V
663 2991 781 3051 ieta
811 2989 1177 3050 restitutum.

471 3206 1098 3268 PROPOSITIO
1163 3205 1373 3265 XXI.
1472 3200 2031 3263 PROBLEMA
2098 3198 2316 3258 XIII.

0 3312 10 3389 ‚⁸
199 3331 260 3391 T
251 3332 639 3412 rajectoriam
695 3334 857 3393 circa
905 3334 1123 3393 datum
1173 3330 1528 3390 umbilicum
1583 3329 1919 3401 describere,
1979 3346 2113 3405 quae
2169 3320 2459 3382 transibit
2497 3327 2622 3399 per

585 3438 826 3509 puncta
854 3430 1002 3489 data
1036 3430 1117 3493 ὥ*
1144 3435 1336 3488 rectas
1350 3427 1652 3506 positione
1677 3426 1853 3485 datas
1880 3423 2192 3501 continget.

298 3578 500 3639 Detur
541 3578 867 3640 umbilicus
913 3580 979 3650 S,
1019 3589 1316 3658 punctum
1360 3578 1438 3647 P,
1487 3575 1547 3636 &
1591 3589 1853 3655 tangens
1910 3573 1973 3632 T
1979 3572 2059 3642 R,
2107 3569 2167 3630 &
2212 3556 2619 3629 inveniendus

181 3674 262 3734 sit
303 3674 624 3748 umbilicus
654 3676 809 3738 alter
836 3678 927 3737 H.
1022 3676 1128 3736 Ad
1162 3688 1522 3756 tangentem
1555 3673 1812 3734 demitte
1844 3664 2346 3749 perpendiculum
2379 3664 2434 3722 S
2459 3663 2525 3731 T,
2560 3661 2618 3720 &

187 3771 424 3850 produc
456 3773 619 3834 idem
650 3774 728 3834 ad
772 3775 840 3847 Y,
874 3787 943 3835 ut
972 3775 1052 3835 sit
1108 3775 1169 3833 T
1189 3775 1253 3833 Y
1288 3771 1543 3852 aequalis
1590 3772 1645 3830 S
1671 3770 1737 3841 T,
1773 3769 1832 3828 &
1876 3766 1991 3827 erit
2044 3764 2110 3823 Υ
2117 3763 2202 3822 Η
2237 3757 2489 3839 aequalis
2519 3757 2618 3815 axi

0 3619 7 3684 5
