2852 4250
1066 105 1304 154 LIBER
1347 105 1680 156 TERTIUS.
2461 135 2500 192 4
2513 137 2532 174 Ι
2551 134 2582 193 7

486 334 1114 444 PRoPosle
1193 377 1358 438 XX.
1477 377 2039 440 PRossLEMA
2118 383 2236 443 lv.

256 552 546 615 Invenire
576 552 657 616 &³
684 551 851 610 inter
875 571 935 610 se
960 556 1316 627 comparare
1325 548 1608 627 pondera
1636 557 1956 628 corporum
1986 549 2053 610 ἐκ
2077 558 2263 610 terroe
2287 550 2474 632 hujus

1051 659 1395 739 regionibus
1422 660 1691 721 diversis,

15 926 51 933 ἱ
111 928 119 933 .
257 848 571 928 Quoniam
616 845 895 926 pondera
945 844 1342 926 inaequalium
1387 866 1629 906 crurum
1676 843 1902 906 canalis
1933 867 2150 927 aqueae
2194 848 2260 906 A
2293 847 2348 907 C
2362 847 2417 921 Q
2438 869 2577 927 qca

0 945 57 1037 ,ξ
91 1035 95 1039 .
143 945 405 1028 aequalia
447 957 592 1005 sunt
616 969 628 1017 ;
677 943 738 1003 &
781 943 1062 1022 pondera
1105 943 1387 1023 partium,
1421 945 1696 1004 cruribus
1738 945 1881 1004 totis
1925 943 2472 1023 proportionalium
2518 945 2577 1004 &

11 1053 52 1102 ἃ
141 1044 420 1108 similiter
442 1044 503 1104 in
534 1042 681 1104 totis
711 1041 984 1112 sitarum,
1010 1053 1158 1101 sunt
1185 1041 1265 1101 ad
1299 1042 1563 1101 invicem
1593 1055 1661 1102 ut
1689 1042 1967 1121 pondera
1996 1054 2283 1116 totorum,
2311 1043 2575 1122 ideoque

11 1135 88 1229 ξᾷ
142 1144 330 1206 etiam
380 1152 708 1222 aequantur
758 1140 918 1200 inter
967 1160 1074 1212 se3
1134 1152 1315 1199 erunt
1365 1140 1642 1219 pondera
1692 1139 2020 1220 aequalium
2074 1141 2134 1200 &
2187 1140 2247 1199 in
2303 1141 2575 1200 cruribus

143 1240 424 1305 similiter
465 1241 722 1301 sitarum
767 1237 1036 1318 partium
1082 1238 1395 1316 reciproce
1439 1250 1508 1297 ut
1551 1259 1740 1309 crura,
1774 1239 1836 1299 id
1878 1252 1987 1310 est,
2020 1238 2327 1318 reciproce
2357 1251 2425 1298 ut
2458 1259 2487 1297 2
2499 1259 2577 1315 30

39 1420 44 1422 .
142 1341 222 1404 ad
270 1362 404 1418 229.
497 1339 586 1399 Et
614 1359 728 1418 par
756 1349 853 1398 est
897 1336 1052 1396 ratio
1083 1335 1613 1416 homogeneorum
1661 1336 1720 1395 &
1764 1335 2094 1415 aequalium
2127 1335 2484 1415 quorumvis
2517 1335 2575 1394 &

143 1441 205 1501 in
234 1437 462 1500 canalis
493 1437 769 1498 cruribus
801 1433 1081 1495 similiter
1109 1434 1367 1493 sitorum
1404 1454 1743 1512 corporum.
1838 1433 2084 1493 Horum
2116 1432 2391 1511 pondera
2434 1445 2578 1491 sunt

141 1539 450 1619 reciproce
502 1549 571 1596 ut
614 1556 804 1605 crura,
840 1533 901 1593 id
954 1544 1064 1603 est,
1099 1531 1410 1611 reciproce
1455 1543 1523 1589 ut
1566 1530 1875 1590 distantiae
1920 1550 2245 1608 corporum
2289 1550 2326 1588 a
2369 1541 2577 1588 centro

141 1633 336 1699 terrae'.
433 1635 702 1697 Proinde
752 1634 804 1694 si
851 1652 1111 1711 corpora
1163 1630 1223 1689 in
1273 1628 1579 1707 supremis
1634 1626 1936 1687 canalium
1985 1627 2275 1706 partibuS‚
2330 1626 2463 1685 sive
2517 1626 2575 1684 in

144 1735 467 1816 superficie
498 1747 678 1795 terrae
709 1730 1051 1792 consistant
1063 1752 1074 1800 ;
1121 1739 1302 1788 erunt
1333 1726 1609 1806 pondera
1631 1747 1843 1786 eorum
1868 1726 1946 1785 ad
1980 1724 2243 1785 invicem
2275 1724 2580 1803 reciproce

147 1847 216 1895 ut
243 1832 554 1894 distantiae
586 1851 799 1892 eorum
830 1850 868 1889 a
912 1840 1137 1889 centro,
1233 1827 1319 1886 Et
1349 1826 1572 1886 eodem
1617 1837 1982 1905 argumento
2020 1823 2309 1903 pondera,
2343 1822 2404 1880 in
2449 1820 2580 1880 aliis

31 1983 48 2018 ’,ζ
146 1932 616 2013 quibuscunque
661 1950 773 2009 per
803 1940 998 1988 totam
1031 1939 1210 1986 terrae
1256 1923 1643 2004 superficiem
1682 1923 2048 2003 regionibus,
2082 1933 2228 1981 sunt
2271 1919 2580 1998 reciproce

25 2019 50 2099 ἦ
85 2083 90 2086 .
145 2042 215 2090 ut
242 2029 553 2090 distantiae
583 2026 859 2088 locorum
890 2047 928 2085 a
958 2038 1171 2086 centro
1198 2049 1209 2097 ;
1257 2023 1317 2083 &
1362 2034 1706 2102 propterea,
1740 2042 1818 2080 ex
1850 2019 2176 2100 hypothesi
2209 2017 2375 2097 quod
2420 2030 2581 2077 terra

145 2126 445 2208 sphaerois
475 2127 570 2198 sit,
603 2126 832 2186 dantur
860 2123 1276 2204 proportione.

263 2226 454 2287 Unde
486 2224 607 2286 tale
638 2225 827 2286 confit
856 2223 1191 2293 theorema,
1226 2220 1393 2301 quod
1441 2220 1883 2279 incrementum
1928 2213 2217 2295 ponderis
2263 2210 2579 2292 pergendo

147 2326 226 2387 ab
269 2338 586 2406 aequatore
638 2325 718 2385 ad
771 2321 949 2403 polos
994 2322 1075 2381 sit
1104 2341 1291 2400 quam
1338 2318 1618 2398 proxime
1669 2328 1737 2375 ut
1780 2315 1948 2374 sinus
1979 2332 2195 2372 versus
2242 2308 2580 2369 latitudinis

146 2422 475 2505 duplicatae
506 2422 623 2494 vel,
671 2422 841 2502 quod
888 2419 1145 2500 perinde
1176 2430 1285 2488 est,
1320 2429 1387 2475 ut
1418 2414 1784 2495 quadratum
1816 2413 1985 2481 sinus
2031 2408 2177 2469 recti
2221 2404 2574 2465 latitudinis,

151 2522 238 2583 Et
282 2523 342 2582 in
387 2521 607 2583 eadem
653 2521 892 2581 circiter
936 2519 1174 2578 ratione
1225 2527 1531 2596 augentur
1573 2534 1747 2572 arcus
1794 2509 2096 2591 graduum
2137 2503 2473 2565 latitudinis
2518 2502 2579 2560 in

145 2620 500 2682 meridiano.
598 2620 877 2699 Ideoque
907 2638 1046 2678 cum
1092 2613 1353 2675 latitudo
1400 2612 1667 2671 Lutetz'oe
1706 2608 2103 2669 Parisiorum
2153 2605 2233 2663 sit
2276 2605 2354 2679 48
2375 2611 2426 2642 Ψ·
2465 2598 2576 2677 50’,

146 2739 222 2778 ea
262 2716 536 2779 locorum
581 2718 698 2778 sub
743 2729 1060 2797 aequatore
1103 2732 1187 2774 00
1205 2722 1255 2752 g‘·
1290 2710 1411 2784 oo',
1446 2709 1505 2768 &
1550 2730 1624 2769 ea
1668 2707 1940 2767 locorum
1985 2704 2064 2763 ad
2110 2700 2286 2782 polos
2333 2719 2412 2775 90
2430 2708 2482 2739 gf·
2518 2697 2577 2756 &

146 2814 474 2896 duplorum
525 2815 696 2876 sinus
741 2816 906 2876 versi
958 2814 1082 2874 sint
1143 2829 1357 2887 11334‚
1406 2827 1616 2869 00000
1666 2805 1725 2865 &
1780 2822 2001 2874 20000‚
2056 2802 2359 2861 existente
2407 2795 2579 2857 radio

155 2933 368 2986 10000,
404 2913 464 2973 &
513 2914 789 2994 gravitas
820 2913 900 2973 ad
948 2910 1161 2992 polum
1194 2910 1273 2969 sit
1302 2908 1381 2967 ad
1434 2905 1803 2987 gravitatem
1840 2903 1955 2962 sub
1987 2911 2301 2979 aequatore
2344 2909 2413 2955 ut
2461 2915 2489 2954 2
2502 2914 2579 2970 30

74 3062 78 3066 .
135 3011 224 3071 -ad
259 3032 395 3087 229,
429 3010 490 3071 &
520 3033 813 3072 excessus
842 3011 1167 3093 gravitatis
1199 3008 1278 3068 ad
1324 3004 1536 3086 polum
1567 3003 1646 3063 ad
1691 3001 2059 3083 gravitatem
2106 2997 2220 3056 sub
2265 3004 2578 3074 aequatore

145 3122 214 3170 ut
251 3131 271 3170 1
311 3110 391 3171 ad
440 3131 559 3186 229
589 3134 600 3172 :
646 3112 763 3171 erit
792 3133 1083 3172 excessus
1114 3106 1437 3191 gravitatis
1471 3106 1531 3164 in
1576 3100 1900 3162 latitudine
1943 3095 2207 3156 Lulelz'ae’
2244 3093 2323 3152 ad
2373 3093 2576 3172 gravi-

148 3220 340 3269 tatem
371 3209 488 3269 sub
518 3223 850 3289 aequatore,
884 3223 953 3269 ut
992 3230 1012 3268 1
1046 3229 1086 3269 ><
1111 3206 1279 3273 ὲὲὲἓῧ
1309 3205 1388 3265 ad
1446 3224 1580 3278 229,
1614 3222 1723 3260 seu
1777 3202 1934 3275 5667
1967 3195 2046 3254 ad
2097 3210 2396 3267 2290000.
2493 3186 2580 3244 Et

145 3319 474 3386 propterea
500 3308 842 3388 gravitates
873 3319 1022 3368 totae
1077 3306 1138 3366 in
1187 3305 1282 3364 his
1334 3301 1483 3362 locis
1529 3310 1710 3359 erunt
1741 3296 1820 3355 ad
1874 3294 2137 3354 invicem
2182 3301 2250 3349 ut
2297 3287 2579 3361 2295667

0 3476 7 3480 ,
55 3429 73 3469 ·;
145 3404 224 3464 ad
273 3425 576 3481 2290000.
671 3405 885 3483 Quare
930 3426 1069 3465 cum
1114 3401 1534 3483 longitudines
1579 3392 1986 3476 pendulorum
2038 3385 2375 3467 aequalibus
2427 3395 2576 3441 tem-

146 3501 396 3581 poribus
427 3501 836 3564 oscillantium
869 3503 992 3563 sint
1022 3515 1090 3562 ut
1118 3501 1478 3582 gravitateS,
1514 3496 1574 3556 ἃ
1614 3496 1674 3554 in
1719 3490 2041 3552 latitudine
2084 3483 2348 3546 Lutetiae
2388 3475 2578 3538 Pari-

50 3598 66 3658 ’.
145 3599 377 3659 siarum
435 3598 762 3682 longitudo
821 3598 1075 3680 penduli
1135 3596 1393 3679 singulis
1461 3592 1712 3654 minutis
1771 3584 2056 3648 secundis
2115 3575 2444 3641 oscillantis
2503 3572 2582 3631 sit

5 3717 34 3723 ··
64 3752 67 3753 ⁷
149 3696 380 3776 pedum
412 3700 597 3759 trium
647 3699 1087 3759 Parisiensium
1122 3696 1182 3756 &
1212 3694 1511 3756 linearum
1545 3695 1631 3760 822«,
1666 3685 1764 3748 vel
1796 3683 1999 3764 potius
2030 3680 2110 3740 ob
2140 3674 2379 3756 pondus
2424 3668 2581 3728 aeris

0 3805 12 3888 μζ
95 3816 97 3820 ’
150 3792 270 3858 8ῧέ
319 3793 647 3877 longitudo
695 3794 948 3876 penduli
994 3795 1111 3855 sub
1156 3805 1473 3872 aequatore
1518 3783 1907 3866 superabitur
1935 3800 1971 3838 a
2015 3770 2395 3854 longitudine
2443 3785 2583 3844 syn-

1254 3897 1283 3934 2
1336 3896 1375 3933 D
