2846 4224
1109 102 1361 152 LEGES
1395 104 1513 155 Mo
1520 105 1670 154 TUS.
2539 137 2568 175 2
2580 137 2613 194 3

34 268 43 289 ²·
172 266 560 328 Restituatur
608 285 830 344 corpus
880 265 947 324 B
996 262 1290 326 inlocum
1335 286 1531 326 suum.
1655 267 1858 326 Cadat
1901 289 2122 347 corpus
2166 272 2234 330 A
2276 273 2357 333 de
2386 292 2615 352 puncto

11 370 27 414 ἕ
168 365 235 436 S,
269 364 330 425 &
372 363 668 425 velocitas
715 365 850 445 ejus
895 364 957 423 in
1003 361 1140 424 loco
1187 363 1537 424 reflexionis
1573 363 1640 422 A
1694 363 1828 423 sine
1875 385 2082 426 errore
2126 368 2398 440 sensibili
2444 385 2615 435 tanta

5 398 34 521 i
165 462 295 533 erit,
341 483 414 522 ac
471 463 524 522 si
583 462 644 522 in
690 483 889 523 vacuo
936 461 1259 522 cecidisset
1305 460 1385 520 de
1432 459 1568 522 loco
1639 461 1705 522 T.
1830 462 2204 541 Exponatur
2251 466 2436 546 igitur
2481 470 2614 532 haec

164 559 460 621 velocitas
519 581 633 639 per
688 559 983 620 chordam
1035 580 1211 619 arcus
1272 558 1430 619 TA.
1556 559 1724 618 Nam
1783 558 2177 620 velocitatem
2237 564 2491 640 penduli
2551 569 2611 627 in

163 642 395 738 puncto
454 657 666 719 infimo
737 679 876 718 esse
947 669 1016 717 ut
1073 657 1369 718 chordam
1427 678 1620 728 arcuS,
1683 678 1870 737 quem
1929 657 2210 718 cadendo
2268 659 2609 741 descripsit,

161 757 504 836 propositio
569 769 665 817 est
726 756 1062 837 geometris
1129 756 1463 817 notissima.
1597 757 1746 818 Post
1818 754 2219 815 reflexionem
2288 761 2613 837 perveniat

123 869 128 873 '
162 876 385 934 corpus
415 855 483 914 A
519 854 599 914 ad
630 853 832 915 locum
861 876 904 925 s,
939 853 1000 914 &
1044 875 1265 933 corpus
1311 855 1376 913 B
1417 854 1498 913 ad
1543 852 1746 915 locum
1789 854 1844 913 k.
1968 851 2254 913 Tollatur
2296 877 2517 935 corpus
2546 860 2612 918 B

161 951 222 1012 82
266 952 614 1012 inveniatur
655 950 825 1013 locus
869 973 947 1022 v,·
993 972 1031 1010 a
1074 972 1199 1030 quo
1243 952 1294 1011 si
1339 973 1562 1031 corpus
1606 953 1674 1011 A
1725 951 2086 1012 demittatur
2130 951 2190 1010 ἃ
2234 966 2378 1031 post
2421 976 2607 1017 unam
2683 1032 2685 1034 Ι

157 1048 599 1111 oscillationem
631 1049 845 1110 redeat
887 1049 968 1109 ad
1012 1047 1214 1109 locum
1261 1071 1311 1120 r,
1345 1049 1424 1109 sit
1465 1072 1496 1109 s
1524 1056 1552 1108 t
1579 1071 1722 1128 pars
1767 1062 1987 1129 quarta
2031 1050 2221 1128 ipsius
2267 1073 2362 1111 νυ
2392 1053 2509 1114 sita
2546 1056 2606 1115 in

157 1147 379 1219 medio,
413 1148 497 1208 ita
525 1146 814 1208 videlicet
843 1160 912 1207 ut
941 1170 982 1207 r
1005 1169 1036 1207 s
1065 1147 1126 1207 8c
1156 1155 1183 1206 t
1212 1169 1248 1206 v
1291 1160 1618 1226 aequentur
1642 1172 1653 1220 ;
1701 1148 1762 1207 &
1790 1169 1903 1227 per
1946 1147 2239 1208 chordam
2271 1172 2446 1210 arcus
2478 1160 2506 1211 t
2531 1154 2600 1212 A

155 1258 503 1324 exponatur
530 1244 842 1317 velocitaS,
875 1267 1062 1326 quam
1094 1267 1316 1325 corpus
1346 1246 1414 1304 A
1464 1247 1745 1325 proxime
1789 1259 1932 1325 post
1962 1247 2359 1307 reflexionem
2391 1249 2607 1311 habuit

154 1342 217 1402 in
261 1334 397 1404 loco
425 1344 515 1405 A.
633 1344 801 1404 Nam
840 1352 868 1403 t
902 1344 1018 1404 erit
1053 1343 1223 1404 locus
1256 1342 1355 1404 ille
1386 1366 1570 1404 verus
1603 1344 1663 1404 ἃ
1694 1358 2018 1417 correctuS,
2052 1346 2130 1405 ad
2164 1367 2349 1425 quem
2382 1369 2603 1428 corpus

151 1442 241 1513 A,
295 1441 538 1502 sublata
587 1444 745 1502 aeris
798 1442 1159 1513 resistentia,
1214 1442 1550 1502 ascendere
1602 1443 1933 1503 debuisset.
2056 1443 2253 1504 Simili
2308 1447 2604 1509 methodo

152 1541 551 1622 corrigendus
583 1542 698 1601 erit
726 1539 896 1602 locus
938 1541 993 1612 k,
1027 1540 1107 1600 ad
1153 1562 1339 1620 quem
1386 1562 1607 1619 corpus
1651 1542 1716 1600 B
1758 1541 2051 1612 ascendit,
2088 1542 2147 1601 ἃ
2193 1542 2602 1606 inveniendus

150 1637 319 1700 locus
371 1640 410 1710 l,
449 1639 529 1699 ad
582 1661 768 1720 quem
820 1661 1042 1718 corpus
1096 1638 1243 1699 illud
1296 1639 1632 1699 ascendere
1676 1639 1994 1699 debuisset
2039 1640 2099 1699 in
2145 1662 2358 1700 vacuo,
2458 1642 2602 1703 I-Ioc

150 1751 333 1818 pacto
364 1739 628 1818 experiri
659 1738 801 1799 licet
844 1738 1067 1809 omnia,
1101 1738 1359 1817 perinde
1404 1760 1475 1797 ac
1519 1738 1570 1797 si
1617 1738 1676 1797 in
1723 1760 1922 1799 vacuo
1953 1739 2268 1798 constituti
2301 1761 2595 1802 essemus,

152 1836 440 1897 Tandem
486 1837 838 1898 ducendum
884 1837 999 1897 erit
1043 1857 1266 1915 corpus
1302 1836 1369 1895 A
1412 1835 1504 1917 (ut
1555 1837 1639 1895 ita
1686 1836 1914 1918 dicam)
1952 1837 2014 1896 in
2069 1837 2366 1897 chordam
2421 1861 2599 1899 arcus

159 1935 322 2007 TA,
356 1958 497 2016 quae
527 1934 920 1996 velocitatem
965 1936 1098 2016 ejus
1143 1935 1410 2004 exhibet,
1444 1948 1513 1995 ut
1542 1935 1845 1995 habeatur
1874 1949 2078 1996 motus
2110 1937 2242 2016 ejus
2276 1937 2335 1995 in
2361 1935 2495 1998 loco
2525 1940 2593 1998 A

144 2034 427 2112 proxime
456 2046 601 2094 ante
632 2034 1029 2094 reflexionem
1058 2058 1068 2105 ;
1115 2034 1343 2094 deinde
1375 2035 1435 2093 in
1467 2034 1762 2094 chordam
1808 2056 1983 2094 arcus
2026 2042 2053 2093 t
2082 2035 2168 2105 A,
2203 2047 2270 2094 ut
2300 2035 2601 2096 habeatur

145 2145 350 2192 motus
395 2133 527 2214 ejus
573 2133 633 2192 in
678 2131 813 2193 loco
859 2132 925 2191 A
975 2132 1256 2211 proxime
1300 2145 1442 2211 post
1486 2132 1899 2192 reflexionem.
2025 2132 2112 2192 Et
2155 2134 2242 2192 sic
2282 2155 2503 2213 corpus
2533 2136 2599 2194 B

144 2228 498 2290 ducendum
529 2232 644 2291 erit
675 2231 735 2290 in
767 2229 1061 2290 chordam
1093 2250 1268 2288 arcus
1298 2230 1363 2288 B
1393 2230 1431 2300 l,
1464 2242 1533 2288 ut
1563 2229 1864 2289 habeatur
1907 2244 2110 2291 motus
2152 2232 2284 2312 ejus
2315 2233 2594 2311 proxime

143 2341 288 2408 post
359 2329 773 2390 reflexionem.
912 2329 999 2388 Et
1070 2325 1252 2386 simili
1326 2326 1639 2398 methodO,
1706 2328 1810 2388 ubi
1885 2351 2142 2408 corpora
2215 2330 2341 2390 duo
2413 2330 2592 2391 simul

143 2426 553 2487 demittuntur
574 2427 653 2487 de
676 2425 823 2487 locis
848 2427 1124 2497 diversis,
1153 2426 1507 2485 inveniendi
1528 2439 1672 2485 sunt
1695 2440 1898 2486 motus
1923 2427 2242 2507 utriusque
2273 2441 2398 2488 tam
2431 2443 2590 2501 ante,

143 2545 330 2604 quam
362 2538 504 2604 post
533 2525 965 2598 reflexionem;
1001 2525 1060 2585 δε
1090 2538 1221 2584 tum
1253 2525 1505 2584 demum
1538 2524 1892 2585 conferendi
1925 2540 2069 2586 sunt
2100 2540 2303 2587 motus
2338 2528 2495 2588 inter
2524 2551 2592 2589 se

144 2622 205 2683 &
257 2622 584 2705 colligendi
637 2624 892 2684 effectus
951 2623 1317 2683 reflexioniS.
1445 2622 1588 2682 Hoc
1648 2624 1835 2684 modo
1896 2625 1955 2683 in
2015 2623 2301 2703 pendulis
2360 2626 2591 2704 pedum

141 2720 359 2782 decem
384 2743 513 2782 rem
538 2722 853 2794 tentando,
877 2722 1064 2802 idque
1086 2723 1146 2781 in
1172 2721 1529 2800 corporibus
1550 2734 1675 2780 tam
1703 2721 2109 2802 inaequalibus
2134 2745 2319 2802 quam
2341 2723 2590 2803 aequali-

141 2817 272 2890 buS,
297 2818 357 2879 &
393 2819 676 2880 faciendo
707 2833 775 2880 ut
805 2841 1063 2899 corpora
1092 2820 1171 2880 de
1203 2818 1539 2880 intervallis
1570 2819 1982 2899 amplissimiS,
2016 2835 2166 2901 puta
2190 2823 2419 2902 pedum
2451 2836 2591 2884 octo

115 2915 242 2994 ⁴vel
287 2916 615 2977 duodecim
664 2915 764 2977 vel
817 2918 1147 2989 sexdecim,
1180 2930 1650 2990 concurrerent;
1697 2921 1897 2999 reperi
1930 2942 2177 2999 semper
2205 2921 2338 2981 sine
2386 2943 2590 2981 errore

77 2998 88 3009 ⁸
140 3013 324 3073 trium
355 3014 689 3095 digitorum
721 3015 782 3075 in
814 3017 1131 3088 mensuriS,
1164 3017 1269 3077 ubi
1314 3038 1572 3096 corpora
1615 3017 1730 3076 sibi
1777 3032 1992 3079 mutuo
2036 3019 2267 3079 directe
2312 3041 2585 3080 occurre-

139 3111 305 3184 bant,
338 3112 609 3193 aequales
640 3135 778 3174 esse
810 3115 1182 3176 mutationes
1215 3128 1494 3175 motuum
1526 3116 1884 3194 corporibus
1922 3117 1981 3176 in
2013 3129 2220 3195 partes
2243 3117 2587 3178 contrarias

141 3207 338 3282 illatae,
371 3224 558 3292 atque
589 3212 729 3273 ideo
759 3214 1065 3274 actionem
1098 3214 1158 3274 &
1189 3215 1562 3275 reactionem
1607 3235 1856 3293 semper
1897 3234 2037 3273 esse
2081 3212 2367 3292 aequales,
2494 3215 2588 3274 Ut

138 3307 190 3368 si
239 3308 463 3389 corpus
507 3310 575 3370 A
626 3311 934 3372 incidebat
979 3313 1037 3372 in
1087 3324 1309 3392 corpus
1353 3314 1418 3372 B
1461 3313 1786 3392 quiescens
1831 3333 1970 3372 cum
2023 3333 2250 3371 novem
2308 3313 2585 3391 partibus

140 3418 359 3479 motuS,
407 3407 468 3469 &
510 3409 752 3469 amissis
810 3423 1051 3490 septem
1103 3411 1380 3489 partibus
1439 3412 1741 3492 pergebat
1799 3423 1941 3490 post
1985 3410 2383 3470 reflexionem
2443 3431 2582 3469 curn

138 3502 417 3578 duabus;
463 3527 684 3585 corpus
726 3507 792 3566 B
835 3506 1145 3568 resiliebat
1188 3530 1328 3568 cum
1359 3510 1637 3588 partibus
1684 3508 1814 3568 istis
1859 3520 2115 3586 septem.
2208 3507 2278 3567 Si
2324 3529 2580 3586 corpora

137 3601 387 3663 obviam
418 3603 602 3676 ibant,
634 3605 703 3664 A
739 3626 878 3664 cum
909 3605 1237 3667 duodecim
1283 3607 1559 3686 partibus
1605 3605 1665 3666 &
1708 3607 1773 3665 B
1816 3627 1954 3665 cum
1986 3627 2111 3676 sex,
2147 3604 2207 3665 ἃ
2238 3605 2478 3665 redibat
2505 3606 2573 3664 A

139 3720 278 3760 cum
308 3700 582 3776 duabus;
614 3703 856 3764 redibat
877 3704 941 3763 B
963 3726 1102 3764 cum
1126 3718 1282 3776 octo,
1314 3705 1476 3765 facta
1494 3704 1875 3765 detractione
1905 3703 2171 3782 partium
2204 3701 2572 3782 quatuorde-

138 3797 256 3858 cim
280 3798 580 3878 utrinque.
664 3801 764 3861 De
785 3814 953 3863 motu
976 3803 1166 3882 ipsius
1186 3803 1253 3862 A
1278 3802 1699 3862 subducantur
1716 3805 1926 3881 partes
1949 3800 2275 3861 duodecim
2302 3799 2360 3859 &
2385 3811 2570 3859 resta-
