2846 4224
162 162 237 228 32
793 205 802 213 ,
986 133 1102 187 DE
1136 130 1258 186 Μο
1265 128 1373 184 w
1405 124 1712 183 conpos?
1724 124 1840 179 UM

278 309 481 379 Corol.
523 328 574 375 2.
674 304 763 371 Et
793 303 844 370 si
877 322 991 389 per
1018 300 1085 366 Β
1123 298 1185 366 &
1214 298 1284 364 A
1321 296 1634 363 ducantur
1663 290 1875 378 plures
1908 302 2096 356 rectae
2126 289 2283 366 BE,
2314 289 2476 367 BD,
2507 290 2579 356 A
2591 291 2670 367 F,
2727 237 2745 314 i

160 414 230 482 A
251 414 327 491 G,
360 422 649 478 secantes
694 416 1063 493 tangentem
1109 400 1266 465 AD
1311 397 1374 463 8:
1419 395 1616 482 ipsius
1649 389 2013 478 parallelam
2044 390 2217 465 ΒΕ·
2262 390 2423 457 ratio
2452 388 2674 467 ultima

160 514 581 582 abscissarum
612 507 896 575 omnium
941 503 1113 579 AD,
1160 500 1327 575 AE,
1371 499 1519 574 BF,
1567 495 1722 571 BG,
1756 492 2143 577 chordaeque
2189 489 2252 557 8:
2295 512 2479 557 arcus
2522 492 2676 558 AB

161 615 244 683 ad
278 613 547 681 invicem
580 609 699 676 erit
730 607 888 673 ratio
919 601 1319 689 aequalitatis.

283 714 486 782 Corol.
540 732 593 795 3.
691 709 781 775 Et
829 719 1165 793 propterea
1213 702 1313 766 hae
1361 721 1584 765 omnes
1625 695 1827 772 lineae,
1862 695 1924 759 in
1973 693 2147 759 omni
2196 692 2280 758 de
2329 693 2677 760 rationibus

163 814 399 882 ultimis
430 808 995 900 argumentatione,
1030 827 1146 892 pro
1176 825 1246 868 se
1280 801 1550 867 invicem
1584 795 1869 881 usurpari
1903 806 2185 879 possunt.

1032 1110 1456 1179 LEMMA
1550 1106 1805 1172 VIII.

166 1295 249 1360 Si
303 1300 478 1358 rectae
533 1290 697 1355 data·
755 1287 911 1362 AR,
973 1285 1098 1349 BR
1157 1305 1296 1348 cum
1355 1303 1510 1346 arcu
1555 1279 1773 1357 ACB,
1827 1276 2056 1340 chorda
2103 1275 2236 1340 AB
2272 1276 2357 1346 ὣ*
2400 1283 2688 1362 tangente

255 1408 316 1473 A
338 1408 422 1487 D,
456 1404 788 1490 triangula
827 1402 958 1467 tria
1005 1399 1139 1464 RA
1160 1399 1226 1473 B,
1267 1396 1555 1471 RACB,
1595 1394 1728 1458 RA
1749 1394 1812 1458 D
1844 1393 2251 1473 constituunt,
2280 1392 2421 1457 dein
2436 1400 2684 1477 puncta
2764 1446 2776 1460 .

255 1525 336 1600 A,
390 1524 439 1589 Β
486 1520 777 1587 accedunt
832 1519 923 1583 ad
959 1517 1245 1583 invicem.-
1289 1513 1420 1577 dico
1463 1510 1633 1597 quod
1670 1510 1902 1574 ultima
1927 1508 2159 1593 forma
2205 1509 2685 1595 tm‘angulomm

251 1639 730 1706 evanescentium
760 1643 847 1701 est
873 1630 1335 1707 similitudinis,
1374 1628 1458 1697 ὣ*
1487 1626 1719 1691 ultima
1751 1626 1919 1690 ratio
1948 1626 2344 1710 (equalitatzs.

288 1831 460 1896 Nam
492 1829 645 1893 dum
680 1785 985 1913 punctum
1017 1822 1083 1886 B
1113 1820 1195 1885 ad
1229 1831 1533 1904 punctum
1566 1817 1635 1880 A
1673 1815 1933 1889 accedit,
1969 1812 2403 1900 intelligantur
2431 1836 2688 1901 semper

168 1932 325 2008 AB,
388 1931 551 2005 AD,
606 1928 751 1992 AR
812 1925 894 1990 ad
961 1935 1195 2008 puncta
1446 1962 1494 2004 A
2629 1976 2683 2030 d

168 2032 516 2118 longinqua
546 2030 595 2104 b,
636 2028 687 2093 d
722 2027 783 2092 &
824 2048 867 2090 r
911 2022 1189 2109 produci,
1495 1969 2091 2095 Nn

171 2134 419 2220 ipsique
466 2133 534 2196 R
570 2131 643 2195 D
717 2124 1016 2212 parallela
1086 2123 1188 2206 agi
1649 2065 1810 2183 χ

171 2234 318 2309 rbd,
375 2232 436 2297 &
488 2230 657 2296 arcui
712 2228 928 2293 ACB
972 2223 1192 2289 similis
1812 2140 2139 2354 Χ

171 2356 424 2420 semper
475 2332 557 2396 sit
608 2351 790 2395 arcus
831 2328 901 2391 A
916 2326 1003 2391 cb.
1104 2324 1194 2387 Et

174 2434 551 2501 coeuntibus
624 2428 875 2516 punctis
945 2427 1037 2503 A,
1110 2426 1191 2498 B,

170 2543 441 2630 angulus
473 2544 507 2607 b
537 2542 605 2606 A
653 2542 703 2605 d
731 2551 1088 2613 evanescet,
1134 2537 1195 2602 &

173 2659 509 2731 propterea
539 2640 853 2727 triangula
883 2642 1002 2705 tria
1032 2662 1195 2704 sem-

174 2767 289 2831 per
312 2744 488 2809 finita
511 2744 625 2807 rA
650 2744 699 2815 b,
734 2742 859 2806 rA
882 2763 912 2805 c
931 2742 980 2815 b,
1008 2739 1207 2804 rA-a'

175 2844 546 2919 coincident,
581 2855 854 2926 suntque
885 2864 964 2906 eo
1019 2862 1194 2904 nom-

178 2948 282 3012 ine
311 2943 540 3010 similia
571 2943 632 3008 &
663 2940 947 3028 aequalia.
1049 2942 1246 3006 Unde
1279 2942 1340 3006 8c
1373 2942 1546 3007 hisce
1570 2965 1825 3028 semper
1854 2943 2083 3010 similia
2115 2946 2176 3011 &
2202 2945 2699 3032 proportionalia

1420 2414 1462 2457 R

1420 2829 1459 2871 r

177 3048 246 3113 R
265 3047 334 3111 A
359 3046 440 3121 B,
474 3046 542 3110 R
561 3044 630 3109 A
665 3044 815 3116 CB,
847 3044 915 3107 R
934 3043 1003 3106 A
1029 3043 1103 3106 D
1133 3043 1287 3108 fient
1332 3043 1556 3108 ultimo
1587 3045 1706 3108 sibi
1752 3046 2022 3110 invicem
2054 3047 2283 3113 simnia
2314 3048 2377 3113 ἃ
2406 3047 2693 3134 aequalia„
2822 3027 2830 3033 ’

181 3147 258 3227 Q.
293 3147 377 3213 E.
412 3146 498 3210 D.

302 3246 505 3362 Corel.
605 3245 694 3310 Et
725 3245 870 3309 hinc
905 3243 1221 3331 triangula
1252 3244 1371 3322 illa,
1407 3247 1469 3311 in
1501 3248 1674 3312 omni
1721 3248 1804 3312 de
1847 3248 2194 3314 rationibus
2235 3248 2472 3315 ultimis
2513 3272 2698 3337 argu-

183 3359 591 3421 mentatione,
625 3366 741 3430 pro
772 3366 843 3410 se
876 3345 1147 3411 invicem
1182 3349 1470 3433 usurpari
1502 3363 1784 3433 possunt.

1098 3657 1525 3723 LEMMA
1623 3659 1782 3724 IX.

189 3827 275 3893 Sa·
328 3833 494 3893 recta
565 3824 628 3890 A
655 3824 711 3890 E
780 3826 864 3895 ὣ·
912 3847 1109 3891 curva
1162 3826 1226 3892 A
1255 3827 1305 3892 B
1330 3828 1384 3894 C
1414 3830 1728 3914 positione
1780 3829 1947 3895 data·
2000 3854 2063 3896 se
2118 3841 2339 3899 mutuo
2380 3840 2578 3900 secent
2631 3833 2704 3900 in

271 3942 508 4027 angulo
551 3940 698 4006 dato
729 3940 813 4018 A,
851 3942 936 4011 ὣ*
977 3941 1068 4006 ad
1105 3951 1333 4009 rectam
1379 3946 1563 4010 illam
1609 3947 1677 4010 in
1718 3947 1847 4012 alio
1889 3947 2034 4013 dato
2079 3951 2315 4034 angulo
2357 3949 2706 4015 ordnbaatnn
2790 4017 2799 4035 ι
