2846 4224
147 200 187 258 4
1104 161 1398 217 DEFINI
1397 159 1481 211 TI
1478 155 1692 211 ONES.

149 364 382 412 terram
411 356 613 407 totam
644 339 918 411 circuire,
953 345 1166 419 potest
1207 331 1270 394 ἃ
1299 328 1449 392 luna
1489 322 1592 388 vel
1641 321 1705 384 vi
1746 315 2094 404 gravitatis,
2128 314 2181 376 si
2224 312 2418 376 modo
2445 311 2663 397 gravis

148 452 245 524 sit,
278 446 382 511 vel
428 445 551 509 alia
595 460 973 526 quacunque
1018 436 1100 509 vi,
1150 455 1278 516 qua
1323 431 1386 493 in
1421 427 1666 491 ⁴terram
1711 432 2027 504 urgeatur,
2062 414 2295 479 retrahi
2341 431 2597 496 semper
2625 434 2666 475 a

150 573 335 614 cursu
397 544 719 610 rectilineo
778 554 1010 603 terram
1063 556 1303 606 versuS,
1360 530 1423 593 81
1483 529 1546 590 in
1600 525 1820 588 orbem
1881 540 2066 582 suurn
2127 515 2335 579 flecti:
2406 514 2469 577 &
2527 514 2667 577 sine

87 662 89 665 ”
151 650 259 714 tali
290 650 355 712 vi
386 647 536 710 luna
566 646 629 707 in
661 643 814 706 orbe
855 662 972 702 suo
1004 635 1256 700 retineri
1303 653 1430 694 non
1474 639 1701 711 potest.
1820 622 1986 684 Haec
2027 618 2141 692 viS,
2175 615 2228 679 si
2251 616 2430 700 justo
2461 614 2669 678 minor

151 763 336 823 esset,
393 769 520 810 non
581 744 733 806 satis
774 741 1056 803 flecteret
1100 735 1315 798 lunam
1362 732 1444 794 de
1490 751 1675 792 cursu
1722 721 2086 787 rectilineo:
2133 719 2186 780 si
2224 719 2403 802 justo
2448 716 2664 800 major,

151 850 294 934 plus
326 849 479 911 satis
525 846 820 914 flecteret,
854 862 927 901 ac
957 838 1040 901 de
1071 837 1224 900 orbe
1273 848 1506 896 terram
1551 848 1775 892 versus
1821 823 2181 886 deduceret.
2299 817 2671 900 Requiritur

154 953 408 1036 quippe,
455 962 527 1010 ut
569 947 652 1008 sit
686 946 879 1028 justae
926 935 1422 1023 magnitudinis:
1472 932 1534 994 &
1583 924 2187 991 Mathematicorum
2233 933 2333 982 est
2378 917 2666 980 invenire

155 1055 304 1127 vim,
360 1073 487 1134 qua
532 1068 759 1129 corpus
808 1044 870 1105 in
917 1042 1069 1103 dato
1114 1037 1342 1121 quovis
1389 1034 1543 1098 orbe
1588 1031 1740 1093 data
1784 1048 1928 1090 cum
1981 1022 2320 1086 velocitate
2374 1030 2667 1082 accurate

158 1152 409 1218 retineri
441 1149 668 1233 possit;
718 1146 780 1208 &
809 1143 1088 1207 vicissim
1136 1138 1421 1203 invenire
1451 1136 1622 1197 viam
1656 1128 2082 1199 curvilineam,
2118 1125 2180 1186 in
2213 1144 2406 1206 quam
2439 1142 2668 1202 corpus

157 1279 194 1319 e
225 1255 376 1317 dato
408 1250 636 1334 quovis
677 1247 817 1310 loco
862 1246 1013 1307 data
1057 1264 1201 1306 cum
1246 1238 1583 1302 velocitate
1629 1252 1958 1317 egressum
1997 1251 2035 1290 a
2072 1227 2225 1288 data
2257 1225 2321 1287 vi
2361 1224 2665 1286 flectatur.

161 1358 285 1419 Est
335 1367 548 1417 autem
594 1350 693 1413 vis
738 1349 925 1431 hujus
971 1343 1338 1425 centripetae
1385 1337 1706 1421 quantitas
1752 1333 1941 1396 trium
1986 1349 2313 1414 generum,
2361 1322 2669 1398 absoluta,

157 1454 575 1526 acceleratrix,
611 1451 673 1513 &
704 1449 950 1511 motrix.

964 1725 1627 1797 DEFINITIO
1720 1723 1863 1785 VI.

176 1917 240 1979 V
233 1917 288 1979 is
343 1912 689 1994 centrz'petae
743 1905 1069 1991 quantitas
1135 1901 1418 1964 absoluta
1478 1905 1565 1960 est
1632 1915 1926 1957 mensura
1986 1890 2252 1975 eq‘usdem
2312 1888 2525 1972 major
2585 1888 2685 1949 vel

246 2031 460 2093 minor
486 2036 615 2110 pro
674 2024 935 2107 ffcacz'a
995 2042 1195 2083 causce
1250 2040 1383 2080 eam
1420 2011 1848 2099 propagantis
1890 2033 1930 2072 a
1975 2015 2181 2071 centro
2224 2015 2353 2089 per
2409 2004 2681 2087 regiones

248 2148 319 2209 ἐκ
365 2144 650 2208 circuitu.

283 2316 380 2378 Ut
411 2315 508 2376 vis
541 2311 898 2395 magnetica
929 2331 1044 2390 pro
1077 2305 1243 2369 mole
1291 2303 1606 2388 magnetis
1653 2299 1756 2383 vel
1805 2297 2162 2361 intensione
2194 2294 2445 2357 virtutis
2479 2292 2683 2376 major

164 2420 225 2481 in
258 2440 386 2479 uno
418 2427 731 2499 magnete,
767 2413 972 2473 minor
1005 2411 1065 2471 in
1099 2408 1237 2470 alio.

937 2709 1599 2777 DEFINITIO
1691 2708 1891 2768 VII.

187 2893 249 2955 V
243 2894 298 2955 is
354 2890 700 2972 centripetae
769 2887 1096 2969 quantitas
1168 2882 1576 2945 acceleratrzbc
1625 2887 1713 2942 est
1769 2878 1968 2960 ipsius
2026 2898 2322 2938 mensura
2382 2873 2696 2936 velocitati

630 3002 1151 3087 proportionalis,
1203 3022 1395 3082 quam
1442 2998 1590 3059 dato
1638 3005 1905 3078 tempore
1941 2999 2218 3076 generat.

294 3179 412 3241 Uti
472 3177 672 3239 virtus
733 3173 1047 3258 magnetis
1108 3170 1395 3255 ejusdem
1456 3169 1660 3252 major
1705 3167 1767 3229 in
1815 3163 2042 3227 minori
2102 3160 2420 3234 distantia,
2483 3159 2690 3222 minor

177 3282 239 3343 in
294 3279 555 3362 majori:
631 3275 734 3339 vel
780 3276 877 3337 vis
922 3273 1249 3358 gravitans
1297 3271 1499 3354 major
1543 3270 1606 3331 in
1653 3266 1940 3340 vallibuS‚
1989 3265 2196 3327 minor
2242 3264 2303 3325 in
2351 3261 2687 3324 cacumini-

174 3382 294 3444 bus
355 3379 624 3441 altorum
696 3377 1022 3449 montium,
1100 3387 1293 3455 atque
1364 3371 1572 3433 adhuc
1634 3371 1841 3432 minor
1904 3367 2000 3452 (ut
2073 3364 2342 3448 posthac
2415 3360 2686 3446 patebit)

177 3483 240 3544 in
273 3480 616 3563 majoribus
662 3477 976 3539 distantiis
1008 3499 1046 3537 a
1074 3475 1269 3559 globo
1315 3488 1535 3547 terrae;
1602 3473 1663 3533 in
1712 3469 2064 3553 aequalibus
2110 3481 2326 3530 autem
2372 3464 2691 3527 distantiis

177 3581 404 3644 eadem
464 3579 760 3661 undique,
809 3591 1147 3659 propterea
1192 3576 1364 3659 quod
1411 3596 1676 3656 corpora
1720 3573 1934 3635 omnia
1979 3569 2272 3632 cadentia
2321 3565 2567 3651 (gravia
2611 3587 2691 3626 an

177 3681 360 3755 levia,
404 3703 637 3764 magna
666 3701 747 3741 an
779 3678 1002 3762 parva)
1038 3674 1285 3741 sublata
1316 3677 1478 3739 aeris
1512 3674 1884 3745 resistentia,
1919 3669 2250 3752 aequaliter
2278 3666 2603 3730 accelerat.

2842 1187 2844 1199 a
2842 1116 2846 1122 .
2842 1083 2846 1086 ,
2834 870 2846 1054 -Λ--ι-”

2833 4040 2846 4224 *Aa-¹
