<?xml version="1.0" encoding="UTF-8"?>
<!DOCTYPE html PUBLIC "-//W3C//DTD XHTML 1.0 Transitional//EN"
    "http://www.w3.org/TR/xhtml1/DTD/xhtml1-transitional.dtd">
<html xmlns="http://www.w3.org/1999/xhtml" xml:lang="en" lang="en">
 <head>
  <title>
</title>
<meta http-equiv="Content-Type" content="text/html;charset=utf-8" />
  <meta name='ocr-system' content='tesseract 3.04.00' />
  <meta name='ocr-capabilities' content='ocr_page ocr_carea ocr_par ocr_line ocrx_word'/>
</head>
<body>
  <div class='ocr_page' id='page_1' title='image "./principia00newtuoft/principia00newtuoft_0296.png"; bbox 0 0 2852 4250; ppageno 0'>
   <div class='ocr_carea' id='block_1_1' title="bbox 208 103 1891 180">
    <p class='ocr_par' dir='ltr' id='par_1_1' title="bbox 208 103 1891 180">
     <span class='ocr_line' id='line_1_1' title="bbox 208 103 1891 180; baseline -0.001 -20"><span class='ocrx_word' id='word_1_1' title='bbox 208 118 334 180; x_wconf 86' lang='lat'><strong>254</strong></span> <span class='ocrx_word' id='word_1_2' title='bbox 1043 103 1160 154; x_wconf 89' lang='lat' dir='ltr'><strong>DE</strong></span> <span class='ocrx_word' id='word_1_3' title='bbox 1192 103 1433 157; x_wconf 83' lang='lat' dir='ltr'><em>MOTU</em></span> <span class='ocrx_word' id='word_1_4' title='bbox 1456 105 1891 159; x_wconf 87' lang='lat' dir='ltr'><strong>CORPORUM</strong></span> 
     </span>
    </p>
   </div>
   <div class='ocr_carea' id='block_1_2' title="bbox 1731 304 2047 314">
    <p class='ocr_par' dir='ltr' id='par_1_2' title="bbox 1731 304 2047 314">
     <span class='ocr_line' id='line_1_2' title="bbox 1731 304 2047 314; baseline 0 3936"><span class='ocrx_word' id='word_1_5' title='bbox 1731 304 2047 314; x_wconf 95' lang='lat' dir='ltr'><strong> </strong></span> 
     </span>
    </p>
   </div>
   <div class='ocr_carea' id='block_1_3' title="bbox 203 273 2713 405">
    <p class='ocr_par' dir='ltr' id='par_1_3' title="bbox 203 273 2713 405">
     <span class='ocr_line' id='line_1_3' title="bbox 203 273 2713 405; baseline 0.005 -25"><span class='ocrx_word' id='word_1_6' title='bbox 203 318 437 381; x_wconf 92' lang='lat' dir='ltr'><strong>stentia</strong></span> <span class='ocrx_word' id='word_1_7' title='bbox 456 318 593 403; x_wconf 88' lang='lat' dir='ltr'><strong>jam</strong></span> <span class='ocrx_word' id='word_1_8' title='bbox 625 319 744 384; x_wconf 91' lang='lat' dir='ltr'><strong>erit</strong></span> <span class='ocrx_word' id='word_1_9' title='bbox 774 321 856 383; x_wconf 92' lang='lat' dir='ltr'><strong>ad</strong></span> <span class='ocrx_word' id='word_1_10' title='bbox 885 321 1271 405; x_wconf 87' lang='lat' dir='ltr'><strong>gravitatem</strong></span> <span class='ocrx_word' id='word_1_11' title='bbox 1301 335 1373 386; x_wconf 94' lang='lat' dir='ltr'><strong>ut</strong></span> <span class='ocrx_word' id='word_1_12' title='bbox 1405 293 1440 353; x_wconf 85' lang='lat'>3</span> <span class='ocrx_word' id='word_1_13' title='bbox 1464 273 1510 336; x_wconf 79' lang='lat' dir='ltr'>S</span> <span class='ocrx_word' id='word_1_14' title='bbox 1532 294 1618 336; x_wconf 80' lang='lat'><strong>⁰⁰</strong></span> <span class='ocrx_word' id='word_1_15' title='bbox 1659 320 1733 402; x_wconf 58' lang='grc' dir='ltr'><strong>,Ι</strong></span> <span class='ocrx_word' id='word_1_16' title='bbox 1762 344 1785 385; x_wconf 91' lang='lat'>1</span> <span class='ocrx_word' id='word_1_17' title='bbox 1826 337 1882 393; x_wconf 60' lang='grc'><strong>4-</strong></span> <span class='ocrx_word' id='word_1_18' title='bbox 1918 322 1981 404; x_wconf 76' lang='lat' dir='ltr'>Q</span> <span class='ocrx_word' id='word_1_19' title='bbox 2005 322 2068 405; x_wconf 84' lang='grc' dir='ltr'><strong>Ω</strong></span> <span class='ocrx_word' id='word_1_20' title='bbox 2100 323 2183 387; x_wconf 85' lang='lat' dir='ltr'><strong>ad</strong></span> <span class='ocrx_word' id='word_1_21' title='bbox 2219 345 2251 387; x_wconf 89' lang='lat'>2</span> <span class='ocrx_word' id='word_1_22' title='bbox 2288 325 2469 403; x_wconf 84' lang='lat' dir='ltr'><strong>Roo,</strong></span> <span class='ocrx_word' id='word_1_23' title='bbox 2502 327 2566 391; x_wconf 93' lang='lat' dir='ltr'><strong>id</strong></span> <span class='ocrx_word' id='word_1_24' title='bbox 2598 342 2713 404; x_wconf 87' lang='lat' dir='ltr'><strong>est,</strong></span> 
     </span>
    </p>
   </div>
   <div class='ocr_carea' id='block_1_4' title="bbox 201 378 2723 776">
    <p class='ocr_par' dir='ltr' id='par_1_4' title="bbox 201 378 2723 776">
     <span class='ocr_line' id='line_1_4' title="bbox 1450 378 1578 439; baseline 0 0"><span class='ocrx_word' id='word_1_25' title='bbox 1450 399 1481 439; x_wconf 91' lang='lat'><strong>2</strong></span> <span class='ocrx_word' id='word_1_26' title='bbox 1515 378 1578 439; x_wconf 93' lang='lat' dir='ltr'>R</span> 
     </span>
     <span class='ocr_line' id='line_1_5' title="bbox 202 487 1231 570; baseline 0.006 -20"><span class='ocrx_word' id='word_1_27' title='bbox 202 487 1231 570; x_wconf 48' lang='lat' dir='ltr'><strong>ut3ss1÷QQad4RR</strong></span> 
     </span>
     <span class='ocr_line' id='line_1_6' title="bbox 318 588 2716 681; baseline 0.005 -30"><span class='ocrx_word' id='word_1_28' title='bbox 318 588 642 652; x_wconf 89' lang='lat' dir='ltr'><strong>Velocitas</strong></span> <span class='ocrx_word' id='word_1_29' title='bbox 702 604 916 653; x_wconf 92' lang='lat' dir='ltr'><strong>autem</strong></span> <span class='ocrx_word' id='word_1_30' title='bbox 991 614 1068 654; x_wconf 93' lang='lat' dir='ltr'><strong>ea</strong></span> <span class='ocrx_word' id='word_1_31' title='bbox 1141 605 1255 667; x_wconf 90' lang='lat' dir='ltr'><strong>est,</strong></span> <span class='ocrx_word' id='word_1_32' title='bbox 1319 615 1594 675; x_wconf 92' lang='lat' dir='ltr'><strong>quacum</strong></span> <span class='ocrx_word' id='word_1_33' title='bbox 1668 616 1898 676; x_wconf 91' lang='lat' dir='ltr'><strong>corpus</strong></span> <span class='ocrx_word' id='word_1_34' title='bbox 1972 594 2055 658; x_wconf 91' lang='lat' dir='ltr'><strong>de</strong></span> <span class='ocrx_word' id='word_1_35' title='bbox 2130 594 2271 660; x_wconf 95' lang='lat' dir='ltr'><strong>loco</strong></span> <span class='ocrx_word' id='word_1_36' title='bbox 2331 600 2561 681; x_wconf 89' lang='lat' dir='ltr'><strong>quovis</strong></span> <span class='ocrx_word' id='word_1_37' title='bbox 2619 602 2716 675; x_wconf 85' lang='grc' dir='ltr'><strong>Η,</strong></span> 
     </span>
     <span class='ocr_line' id='line_1_7' title="bbox 201 690 2723 776; baseline 0.005 -25"><span class='ocrx_word' id='word_1_38' title='bbox 201 690 554 752; x_wconf 92' lang='lat' dir='ltr'><strong>secundum</strong></span> <span class='ocrx_word' id='word_1_39' title='bbox 606 703 980 772; x_wconf 86' lang='lat' dir='ltr'><strong>tangentem</strong></span> <span class='ocrx_word' id='word_1_40' title='bbox 1033 693 1224 754; x_wconf 89' lang='lat' dir='ltr'><strong>HN</strong></span> <span class='ocrx_word' id='word_1_41' title='bbox 1265 694 1619 776; x_wconf 82' lang='lat' dir='ltr'><strong>egredienS,</strong></span> <span class='ocrx_word' id='word_1_42' title='bbox 1654 693 1718 755; x_wconf 92' lang='lat' dir='ltr'><strong>in</strong></span> <span class='ocrx_word' id='word_1_43' title='bbox 1768 692 2073 776; x_wconf 87' lang='lat' dir='ltr'><strong>parabola</strong></span> <span class='ocrx_word' id='word_1_44' title='bbox 2125 698 2507 762; x_wconf 87' lang='lat' dir='ltr'><strong>diametrum</strong></span> <span class='ocrx_word' id='word_1_45' title='bbox 2558 702 2648 763; x_wconf 87' lang='lat' dir='ltr'><em>H</em></span> <span class='ocrx_word' id='word_1_46' title='bbox 2663 702 2723 764; x_wconf 99' lang='lat' dir='ltr'><em>C</em></span> 
     </span>
    </p>
   </div>
   <div class='ocr_carea' id='block_1_5' title="bbox 1401 360 1613 368">
    <p class='ocr_par' dir='ltr' id='par_1_5' title="bbox 1401 360 1613 368">
     <span class='ocr_line' id='line_1_8' title="bbox 1401 360 1613 368; baseline 0 3882"><span class='ocrx_word' id='word_1_47' title='bbox 1401 360 1613 368; x_wconf 95' lang='lat' dir='ltr'><strong> </strong></span> 
     </span>
    </p>
   </div>
   <div class='ocr_carea' id='block_1_6' title="bbox 826 879 1037 886">
    <p class='ocr_par' dir='ltr' id='par_1_6' title="bbox 826 879 1037 886">
     <span class='ocr_line' id='line_1_9' title="bbox 826 879 1037 886; baseline 0 3364"><span class='ocrx_word' id='word_1_48' title='bbox 826 879 1037 886; x_wconf 95' lang='lat' dir='ltr'><strong> </strong></span> 
     </span>
    </p>
   </div>
   <div class='ocr_carea' id='block_1_7' title="bbox 1306 880 1605 888">
    <p class='ocr_par' dir='ltr' id='par_1_7' title="bbox 1306 880 1605 888">
     <span class='ocr_line' id='line_1_10' title="bbox 1306 880 1605 888; baseline 0 3362"><span class='ocrx_word' id='word_1_49' title='bbox 1306 880 1605 888; x_wconf 95' lang='lat' dir='ltr'><strong> </strong></span> 
     </span>
    </p>
   </div>
   <div class='ocr_carea' id='block_1_8' title="bbox 203 793 2721 954">
    <p class='ocr_par' dir='ltr' id='par_1_8' title="bbox 203 793 2721 954">
     <span class='ocr_line' id='line_1_11' title="bbox 203 793 2721 954; baseline 0.006 -60"><span class='ocrx_word' id='word_1_50' title='bbox 203 832 266 895; x_wconf 85' lang='lat'>&amp;</span> <span class='ocrx_word' id='word_1_51' title='bbox 309 830 474 895; x_wconf 86' lang='lat' dir='ltr'><strong>latus</strong></span> <span class='ocrx_word' id='word_1_52' title='bbox 519 845 763 896; x_wconf 92' lang='lat' dir='ltr'><strong>rectum</strong></span> <span class='ocrx_word' id='word_1_53' title='bbox 822 793 1068 951; x_wconf 31' lang='lat' dir='ltr'><strong>&amp;qu</strong></span> <span class='ocrx_word' id='word_1_54' title='bbox 1124 858 1238 899; x_wconf 92' lang='lat' dir='ltr'><strong>seu</strong></span> <span class='ocrx_word' id='word_1_55' title='bbox 1311 815 1333 855; x_wconf 76' lang='grc' dir='ltr'>Ῑ</span> <span class='ocrx_word' id='word_1_56' title='bbox 1366 794 1512 954; x_wconf 53' lang='lat'><strong>41?</strong></span> <span class='ocrx_word' id='word_1_57' title='bbox 1543 794 1605 874; x_wconf 70' lang='lat' dir='ltr'>Q</span> <span class='ocrx_word' id='word_1_58' title='bbox 1662 837 1954 914; x_wconf 85' lang='lat' dir='ltr'><strong>habente,</strong></span> <span class='ocrx_word' id='word_1_59' title='bbox 2017 840 2321 924; x_wconf 88' lang='lat' dir='ltr'><strong>deinceps</strong></span> <span class='ocrx_word' id='word_1_60' title='bbox 2394 843 2455 906; x_wconf 94' lang='lat' dir='ltr'><strong>in</strong></span> <span class='ocrx_word' id='word_1_61' title='bbox 2515 866 2721 909; x_wconf 88' lang='lat' dir='ltr'><strong>vacuo</strong></span> 
     </span>
    </p>
   </div>
   <div class='ocr_carea' id='block_1_9' title="bbox 202 987 2720 1273">
    <p class='ocr_par' dir='ltr' id='par_1_9' title="bbox 202 987 2720 1273">
     <span class='ocr_line' id='line_1_12' title="bbox 204 987 2440 1057; baseline 0 -7"><span class='ocrx_word' id='word_1_62' title='bbox 204 987 446 1051; x_wconf 90' lang='lat' dir='ltr'><strong>moveri</strong></span> <span class='ocrx_word' id='word_1_63' title='bbox 525 1001 708 1051; x_wconf 87' lang='lat' dir='ltr'><strong>otest.</strong></span> <span class='ocrx_word' id='word_1_64' title='bbox 2437 1054 2440 1057; x_wconf 75' lang='grc'><strong>,</strong></span> 
     </span>
     <span class='ocr_line' id='line_1_13' title="bbox 324 1010 2720 1178; baseline 0.007 -30"><span class='ocrx_word' id='word_1_65' title='bbox 324 1089 414 1150; x_wconf 89' lang='lat' dir='ltr'><strong>Et</strong></span> <span class='ocrx_word' id='word_1_66' title='bbox 471 1010 831 1151; x_wconf 51' lang='lat' dir='ltr'><strong>Ezsistentia</strong></span> <span class='ocrx_word' id='word_1_67' title='bbox 889 1103 989 1152; x_wconf 93' lang='lat' dir='ltr'><strong>est</strong></span> <span class='ocrx_word' id='word_1_68' title='bbox 1047 1104 1118 1154; x_wconf 90' lang='lat' dir='ltr'><strong>ut</strong></span> <span class='ocrx_word' id='word_1_69' title='bbox 1177 1093 1369 1155; x_wconf 93' lang='lat' dir='ltr'><strong>medii</strong></span> <span class='ocrx_word' id='word_1_70' title='bbox 1445 1093 1728 1157; x_wconf 86' lang='lat' dir='ltr'><strong>densitas</strong></span> <span class='ocrx_word' id='word_1_71' title='bbox 1789 1094 1852 1157; x_wconf 86' lang='lat'>&amp;</span> <span class='ocrx_word' id='word_1_72' title='bbox 1912 1096 2293 1178; x_wconf 91' lang='lat' dir='ltr'><strong>quadratum</strong></span> <span class='ocrx_word' id='word_1_73' title='bbox 2366 1098 2720 1164; x_wconf 88' lang='lat' dir='ltr'><strong>velocitatis</strong></span> 
     </span>
     <span class='ocr_line' id='line_1_14' title="bbox 202 1189 2720 1273; baseline 0.006 -22"><span class='ocrx_word' id='word_1_74' title='bbox 202 1190 605 1273; x_wconf 88' lang='lat' dir='ltr'><strong>conjunctim,</strong></span> <span class='ocrx_word' id='word_1_75' title='bbox 647 1189 710 1252; x_wconf 84' lang='lat'>&amp;</span> <span class='ocrx_word' id='word_1_76' title='bbox 753 1204 1095 1273; x_wconf 90' lang='lat' dir='ltr'><strong>propterea</strong></span> <span class='ocrx_word' id='word_1_77' title='bbox 1140 1194 1332 1255; x_wconf 90' lang='lat' dir='ltr'><strong>medii</strong></span> <span class='ocrx_word' id='word_1_78' title='bbox 1379 1193 1662 1257; x_wconf 89' lang='lat' dir='ltr'><strong>densitas</strong></span> <span class='ocrx_word' id='word_1_79' title='bbox 1711 1209 1810 1259; x_wconf 90' lang='lat' dir='ltr'><strong>est</strong></span> <span class='ocrx_word' id='word_1_80' title='bbox 1854 1211 1925 1259; x_wconf 92' lang='lat' dir='ltr'><strong>ut</strong></span> <span class='ocrx_word' id='word_1_81' title='bbox 1970 1197 2328 1261; x_wconf 86' lang='lat' dir='ltr'><strong>resistentia</strong></span> <span class='ocrx_word' id='word_1_82' title='bbox 2372 1200 2610 1265; x_wconf 89' lang='lat' dir='ltr'><strong>directe</strong></span> <span class='ocrx_word' id='word_1_83' title='bbox 2657 1202 2720 1265; x_wconf 68' lang='lat'><strong>81</strong></span> 
     </span>
    </p>
   </div>
   <div class='ocr_carea' id='block_1_10' title="bbox 2003 1312 2282 1320">
    <p class='ocr_par' dir='ltr' id='par_1_10' title="bbox 2003 1312 2282 1320">
     <span class='ocr_line' id='line_1_15' title="bbox 2003 1312 2282 1320; baseline 0 2930"><span class='ocrx_word' id='word_1_84' title='bbox 2003 1312 2282 1320; x_wconf 95' lang='lat' dir='ltr'><strong> </strong></span> 
     </span>
    </p>
   </div>
   <div class='ocr_carea' id='block_1_11' title="bbox 202 1319 2721 1444">
    <p class='ocr_par' dir='ltr' id='par_1_11' title="bbox 202 1319 2721 1444">
     <span class='ocr_line' id='line_1_16' title="bbox 202 1319 2721 1444; baseline 0.007 -23"><span class='ocrx_word' id='word_1_85' title='bbox 202 1361 585 1442; x_wconf 92' lang='lat' dir='ltr'><strong>quadratum</strong></span> <span class='ocrx_word' id='word_1_86' title='bbox 646 1360 1003 1427; x_wconf 89' lang='lat' dir='ltr'><strong>velocitatis</strong></span> <span class='ocrx_word' id='word_1_87' title='bbox 1066 1365 1334 1442; x_wconf 88' lang='lat' dir='ltr'><strong>inverse,</strong></span> <span class='ocrx_word' id='word_1_88' title='bbox 1384 1366 1448 1429; x_wconf 93' lang='lat' dir='ltr'><strong>id</strong></span> <span class='ocrx_word' id='word_1_89' title='bbox 1495 1381 1608 1444; x_wconf 90' lang='lat' dir='ltr'><strong>est,</strong></span> <span class='ocrx_word' id='word_1_90' title='bbox 1663 1382 1735 1432; x_wconf 90' lang='lat' dir='ltr'><strong>ut</strong></span> <span class='ocrx_word' id='word_1_91' title='bbox 1778 1319 2311 1418; x_wconf 58' lang='lat' dir='ltr'><em>Q</em></span> <span class='ocrx_word' id='word_1_92' title='bbox 2358 1373 2596 1438; x_wconf 91' lang='lat' dir='ltr'><strong>directe</strong></span> <span class='ocrx_word' id='word_1_93' title='bbox 2657 1375 2721 1439; x_wconf 84' lang='lat'>&amp;</span> 
     </span>
    </p>
   </div>
   <div class='ocr_carea' id='block_1_12' title="bbox 229 1607 499 1614">
    <p class='ocr_par' dir='ltr' id='par_1_12' title="bbox 229 1607 499 1614">
     <span class='ocr_line' id='line_1_17' title="bbox 229 1607 499 1614; baseline 0 2636"><span class='ocrx_word' id='word_1_94' title='bbox 229 1607 499 1614; x_wconf 95' lang='lat' dir='ltr'><strong> </strong></span> 
     </span>
    </p>
   </div>
   <div class='ocr_carea' id='block_1_13' title="bbox 1240 1610 1692 1618">
    <p class='ocr_par' dir='ltr' id='par_1_13' title="bbox 1240 1610 1692 1618">
     <span class='ocr_line' id='line_1_18' title="bbox 1240 1610 1692 1618; baseline 0 2632"><span class='ocrx_word' id='word_1_95' title='bbox 1240 1610 1692 1618; x_wconf 95' lang='lat' dir='ltr'><strong> </strong></span> 
     </span>
    </p>
   </div>
   <div class='ocr_carea' id='block_1_14' title="bbox 1393 1622 1687 1630">
    <p class='ocr_par' dir='ltr' id='par_1_14' title="bbox 1393 1622 1687 1630">
     <span class='ocr_line' id='line_1_19' title="bbox 1393 1622 1687 1630; baseline 0 2620"><span class='ocrx_word' id='word_1_96' title='bbox 1393 1622 1687 1630; x_wconf 95' lang='lat' dir='ltr'><strong> </strong></span> 
     </span>
    </p>
   </div>
   <div class='ocr_carea' id='block_1_15' title="bbox 211 1429 2754 1835">
    <p class='ocr_par' dir='ltr' id='par_1_15' title="bbox 211 1429 2754 1835">
     <span class='ocr_line' id='line_1_20' title="bbox 1930 1429 2151 1506; baseline 0.023 -19"><span class='ocrx_word' id='word_1_97' title='bbox 1930 1448 1972 1506; x_wconf 92' lang='lat'>4</span> <span class='ocrx_word' id='word_1_98' title='bbox 2001 1429 2061 1489; x_wconf 93' lang='lat' dir='ltr'>R</span> <span class='ocrx_word' id='word_1_99' title='bbox 2090 1429 2151 1491; x_wconf 93' lang='lat' dir='ltr'>R</span> 
     </span>
     <span class='ocr_line' id='line_1_21' title="bbox 211 1517 2069 1715; baseline 0.009 -88"><span class='ocrx_word' id='word_1_100' title='bbox 211 1538 232 1578; x_wconf 74' lang='lat' dir='ltr'>I</span> <span class='ocrx_word' id='word_1_101' title='bbox 266 1517 409 1682; x_wconf 55' lang='lat'><strong>41?</strong></span> <span class='ocrx_word' id='word_1_102' title='bbox 435 1517 496 1597; x_wconf 69' lang='lat' dir='ltr'>Q</span> <span class='ocrx_word' id='word_1_103' title='bbox 531 1567 800 1647; x_wconf 89' lang='lat' dir='ltr'><strong>inverse,</strong></span> <span class='ocrx_word' id='word_1_104' title='bbox 835 1568 956 1634; x_wconf 90' lang='lat' dir='ltr'><strong>hoc</strong></span> <span class='ocrx_word' id='word_1_105' title='bbox 987 1583 1101 1646; x_wconf 89' lang='lat' dir='ltr'><strong>est,</strong></span> <span class='ocrx_word' id='word_1_106' title='bbox 1135 1585 1207 1634; x_wconf 92' lang='lat' dir='ltr'><strong>ut</strong></span> <span class='ocrx_word' id='word_1_107' title='bbox 1242 1630 1301 1690; x_wconf 84' lang='lat' dir='ltr'>R</span> <span class='ocrx_word' id='word_1_108' title='bbox 1318 1628 1392 1708; x_wconf 44' lang='lat' dir='ltr'><em>ss</em></span> <span class='ocrx_word' id='word_1_109' title='bbox 1419 1523 1521 1702; x_wconf 67' lang='lat' dir='ltr'><strong>IS-l-</strong></span> <span class='ocrx_word' id='word_1_110' title='bbox 1543 1635 1604 1715; x_wconf 67' lang='lat' dir='ltr'>Q</span> <span class='ocrx_word' id='word_1_111' title='bbox 1628 1635 1689 1715; x_wconf 71' lang='lat' dir='ltr'>Q</span> <span class='ocrx_word' id='word_1_112' title='bbox 1714 1629 1727 1642; x_wconf 93' lang='lat'><strong>.</strong></span> <span class='ocrx_word' id='word_1_113' title='bbox 1823 1578 2069 1656; x_wconf 65' lang='lat' dir='ltr'><strong>QEJ.</strong></span> 
     </span>
     <span class='ocr_line' id='line_1_22' title="bbox 320 1738 2754 1835; baseline 0.008 -34"><span class='ocrx_word' id='word_1_114' title='bbox 320 1738 521 1804; x_wconf 81' lang='lat' dir='ltr'><strong>Corol.</strong></span> <span class='ocrx_word' id='word_1_115' title='bbox 585 1761 632 1804; x_wconf 91' lang='lat'><strong>1.</strong></span> <span class='ocrx_word' id='word_1_116' title='bbox 705 1741 777 1804; x_wconf 88' lang='lat' dir='ltr'><strong>Si</strong></span> <span class='ocrx_word' id='word_1_117' title='bbox 831 1754 1103 1826; x_wconf 86' lang='lat' dir='ltr'><strong>tangens</strong></span> <span class='ocrx_word' id='word_1_118' title='bbox 1156 1745 1346 1807; x_wconf 92' lang='lat' dir='ltr'><strong>HN</strong></span> <span class='ocrx_word' id='word_1_119' title='bbox 1389 1750 1780 1829; x_wconf 89' lang='lat' dir='ltr'><strong>producatur</strong></span> <span class='ocrx_word' id='word_1_120' title='bbox 1826 1751 2125 1835; x_wconf 89' lang='lat' dir='ltr'><strong>utrinque</strong></span> <span class='ocrx_word' id='word_1_121' title='bbox 2173 1753 2381 1817; x_wconf 92' lang='lat' dir='ltr'><strong>donec</strong></span> <span class='ocrx_word' id='word_1_122' title='bbox 2433 1770 2754 1820; x_wconf 89' lang='lat' dir='ltr'><strong>occurrat.</strong></span> 
     </span>
    </p>
   </div>
   <div class='ocr_carea' id='block_1_16' title="bbox 1480 1866 1661 2036">
    <p class='ocr_par' dir='ltr' id='par_1_16' title="bbox 1480 1866 1661 2036">
     <span class='ocr_line' id='line_1_23' title="bbox 1480 1866 1661 1928; baseline 0.022 -3"><span class='ocrx_word' id='word_1_123' title='bbox 1480 1866 1661 1928; x_wconf 89' lang='lat' dir='ltr'><strong>HT</strong></span> 
     </span>
     <span class='ocr_line' id='line_1_24' title="bbox 1490 1973 1653 2036; baseline 0.025 -3"><span class='ocrx_word' id='word_1_124' title='bbox 1490 1973 1653 2036; x_wconf 93' lang='lat' dir='ltr'><strong>AC</strong></span> 
     </span>
    </p>
   </div>
   <div class='ocr_carea' id='block_1_17' title="bbox 197 2076 2724 2465">
    <p class='ocr_par' dir='ltr' id='par_1_17' title="bbox 197 2076 2724 2465">
     <span class='ocr_line' id='line_1_25' title="bbox 197 2076 2723 2171; baseline 0.008 -32"><span class='ocrx_word' id='word_1_125' title='bbox 197 2076 259 2138; x_wconf 92' lang='lat' dir='ltr'><strong>in</strong></span> <span class='ocrx_word' id='word_1_126' title='bbox 292 2079 724 2161; x_wconf 89' lang='lat' dir='ltr'><strong>superioribus</strong></span> <span class='ocrx_word' id='word_1_127' title='bbox 755 2104 872 2163; x_wconf 90' lang='lat' dir='ltr'><strong>pro</strong></span> <span class='ocrx_word' id='word_1_128' title='bbox 916 2081 991 2162; x_wconf 49' lang='lat' dir='ltr'><em>A</em></span> <span class='ocrx_word' id='word_1_129' title='bbox 1018 2105 1039 2145; x_wconf 94' lang='lat'>1</span> <span class='ocrx_word' id='word_1_130' title='bbox 1074 2100 1127 2154; x_wconf 63' lang='grc' dir='ltr'><strong>-ι-</strong></span> <span class='ocrx_word' id='word_1_131' title='bbox 1156 2086 1217 2166; x_wconf 95' lang='grc' dir='ltr'><strong>Ω</strong></span> <span class='ocrx_word' id='word_1_132' title='bbox 1243 2087 1305 2167; x_wconf 98' lang='grc' dir='ltr'><strong>Ω</strong></span> <span class='ocrx_word' id='word_1_133' title='bbox 1340 2086 1527 2149; x_wconf 91' lang='lat' dir='ltr'><strong>scribi</strong></span> <span class='ocrx_word' id='word_1_134' title='bbox 1559 2102 1788 2170; x_wconf 89' lang='lat' dir='ltr'><strong>potest.</strong></span> <span class='ocrx_word' id='word_1_135' title='bbox 1907 2090 2056 2171; x_wconf 79' lang='lat' dir='ltr'><strong>Qua</strong></span> <span class='ocrx_word' id='word_1_136' title='bbox 2088 2093 2331 2157; x_wconf 90' lang='lat' dir='ltr'><strong>ratione</strong></span> <span class='ocrx_word' id='word_1_137' title='bbox 2363 2095 2723 2158; x_wconf 84' lang='lat' dir='ltr'><strong>resistentia</strong></span> 
     </span>
     <span class='ocr_line' id='line_1_26' title="bbox 197 2179 2724 2268; baseline 0.008 -29"><span class='ocrx_word' id='word_1_138' title='bbox 197 2179 328 2241; x_wconf 92' lang='lat' dir='ltr'><strong>erit</strong></span> <span class='ocrx_word' id='word_1_139' title='bbox 387 2181 469 2242; x_wconf 93' lang='lat' dir='ltr'><strong>ad</strong></span> <span class='ocrx_word' id='word_1_140' title='bbox 522 2182 906 2265; x_wconf 88' lang='lat' dir='ltr'><strong>gravitatem</strong></span> <span class='ocrx_word' id='word_1_141' title='bbox 968 2198 1039 2247; x_wconf 89' lang='lat' dir='ltr'><strong>ut</strong></span> <span class='ocrx_word' id='word_1_142' title='bbox 1101 2207 1135 2266; x_wconf 89' lang='lat'>3</span> <span class='ocrx_word' id='word_1_143' title='bbox 1165 2187 1211 2250; x_wconf 91' lang='lat' dir='ltr'>S</span> <span class='ocrx_word' id='word_1_144' title='bbox 1245 2208 1287 2250; x_wconf 90' lang='lat'><strong>&gt;&lt;</strong></span> <span class='ocrx_word' id='word_1_145' title='bbox 1317 2189 1406 2250; x_wconf 91' lang='lat' dir='ltr'><em>H</em></span> <span class='ocrx_word' id='word_1_146' title='bbox 1433 2189 1498 2249; x_wconf 87' lang='lat' dir='ltr'><em>T</em></span> <span class='ocrx_word' id='word_1_147' title='bbox 1538 2189 1621 2251; x_wconf 91' lang='lat' dir='ltr'><strong>ad</strong></span> <span class='ocrx_word' id='word_1_148' title='bbox 1675 2211 1716 2268; x_wconf 90' lang='lat'>4</span> <span class='ocrx_word' id='word_1_149' title='bbox 1746 2191 1806 2252; x_wconf 94' lang='lat' dir='ltr'>R</span> <span class='ocrx_word' id='word_1_150' title='bbox 1836 2192 1896 2252; x_wconf 94' lang='lat' dir='ltr'>R</span> <span class='ocrx_word' id='word_1_151' title='bbox 1928 2211 1971 2254; x_wconf 91' lang='lat'><strong>&gt;&lt;</strong></span> <span class='ocrx_word' id='word_1_152' title='bbox 2000 2193 2071 2255; x_wconf 99' lang='lat' dir='ltr'><em>A</em></span> <span class='ocrx_word' id='word_1_153' title='bbox 2107 2193 2175 2268; x_wconf 91' lang='lat' dir='ltr'><strong>C,</strong></span> <span class='ocrx_word' id='word_1_154' title='bbox 2238 2193 2545 2259; x_wconf 91' lang='lat' dir='ltr'><strong>velocitas</strong></span> <span class='ocrx_word' id='word_1_155' title='bbox 2605 2197 2724 2260; x_wconf 89' lang='lat' dir='ltr'><strong>erit</strong></span> 
     </span>
     <span class='ocr_line' id='line_1_27' title="bbox 304 2281 1914 2355; baseline 0.009 -15"><span class='ocrx_word' id='word_1_156' title='bbox 304 2281 395 2340; x_wconf 93' lang='lat' dir='ltr'><em>H</em></span> <span class='ocrx_word' id='word_1_157' title='bbox 439 2282 505 2343; x_wconf 89' lang='lat' dir='ltr'><em>T</em></span> <span class='ocrx_word' id='word_1_158' title='bbox 938 2336 973 2350; x_wconf 89' lang='lat'><strong>..</strong></span> <span class='ocrx_word' id='word_1_159' title='bbox 1175 2340 1188 2352; x_wconf 93' lang='lat'><strong>.</strong></span> <span class='ocrx_word' id='word_1_160' title='bbox 1398 2342 1411 2354; x_wconf 92' lang='lat'><strong><em>.</em></strong></span> <span class='ocrx_word' id='word_1_161' title='bbox 1593 2291 1639 2353; x_wconf 90' lang='lat' dir='ltr'>S</span> <span class='ocrx_word' id='word_1_162' title='bbox 1675 2312 1716 2352; x_wconf 90' lang='lat'><strong>›&lt;</strong></span> <span class='ocrx_word' id='word_1_163' title='bbox 1746 2293 1816 2353; x_wconf 87' lang='lat' dir='ltr'><em>A</em></span> <span class='ocrx_word' id='word_1_164' title='bbox 1854 2293 1914 2355; x_wconf 96' lang='lat' dir='ltr'><em>C</em></span> 
     </span>
     <span class='ocr_line' id='line_1_28' title="bbox 294 2333 1543 2465; baseline 0.01 -73"><span class='ocrx_word' id='word_1_165' title='bbox 294 2384 364 2444; x_wconf 75' lang='grc' dir='ltr'><em>Α</em></span> <span class='ocrx_word' id='word_1_166' title='bbox 399 2384 539 2464; x_wconf 30' lang='lat' dir='ltr'><strong>CN!</strong></span> <span class='ocrx_word' id='word_1_167' title='bbox 568 2381 656 2448; x_wconf 83' lang='lat' dir='ltr'><strong>R,</strong></span> <span class='ocrx_word' id='word_1_168' title='bbox 688 2333 750 2396; x_wconf 70' lang='grc' dir='ltr'>ἃ</span> <span class='ocrx_word' id='word_1_169' title='bbox 781 2336 974 2399; x_wconf 86' lang='lat' dir='ltr'><strong>medu</strong></span> <span class='ocrx_word' id='word_1_170' title='bbox 998 2338 1291 2465; x_wconf 17' lang='lat' dir='ltr'><strong>&#39;densltas</strong></span> <span class='ocrx_word' id='word_1_171' title='bbox 1322 2355 1442 2405; x_wconf 82' lang='lat' dir='ltr'><strong>erit</strong></span> <span class='ocrx_word' id='word_1_172' title='bbox 1472 2355 1543 2405; x_wconf 89' lang='lat' dir='ltr'><strong>ut</strong></span> 
     </span>
    </p>
   </div>
   <div class='ocr_carea' id='block_1_18' title="bbox 184 2485 1325 3476">
    <p class='ocr_par' dir='ltr' id='par_1_18' title="bbox 184 2485 1325 3476">
     <span class='ocr_line' id='line_1_29' title="bbox 329 2485 1325 2567; baseline 0.016 -22"><span class='ocrx_word' id='word_1_173' title='bbox 329 2485 537 2548; x_wconf 78' lang='lat' dir='ltr'><strong>Corol.</strong></span> <span class='ocrx_word' id='word_1_174' title='bbox 577 2509 630 2550; x_wconf 87' lang='lat'><strong>2.</strong></span> <span class='ocrx_word' id='word_1_175' title='bbox 686 2490 777 2552; x_wconf 87' lang='lat' dir='ltr'><strong>Et</strong></span> <span class='ocrx_word' id='word_1_176' title='bbox 819 2491 980 2567; x_wconf 92' lang='lat' dir='ltr'><strong>hinc,</strong></span> <span class='ocrx_word' id='word_1_177' title='bbox 1029 2494 1082 2556; x_wconf 91' lang='lat' dir='ltr'><strong>si</strong></span> <span class='ocrx_word' id='word_1_178' title='bbox 1130 2518 1325 2561; x_wconf 88' lang='lat' dir='ltr'><strong>curva</strong></span> 
     </span>
     <span class='ocr_line' id='line_1_30' title="bbox 193 2582 1321 2679; baseline 0.013 -34"><span class='ocrx_word' id='word_1_179' title='bbox 193 2582 361 2647; x_wconf 88' lang='lat' dir='ltr'><strong>linea</strong></span> <span class='ocrx_word' id='word_1_180' title='bbox 411 2587 569 2648; x_wconf 83' lang='lat' dir='ltr'><strong>PF</strong></span> <span class='ocrx_word' id='word_1_181' title='bbox 580 2590 670 2650; x_wconf 95' lang='lat' dir='ltr'><em>H</em></span> <span class='ocrx_word' id='word_1_182' title='bbox 687 2590 745 2667; x_wconf 79' lang='lat' dir='ltr'><em>Q</em></span> <span class='ocrx_word' id='word_1_183' title='bbox 807 2592 1147 2658; x_wconf 89' lang='lat' dir='ltr'><strong>definiatur</strong></span> <span class='ocrx_word' id='word_1_184' title='bbox 1204 2620 1321 2679; x_wconf 94' lang='lat' dir='ltr'><strong>per</strong></span> 
     </span>
     <span class='ocr_line' id='line_1_31' title="bbox 193 2683 1312 2761; baseline 0.015 -17"><span class='ocrx_word' id='word_1_185' title='bbox 193 2683 565 2748; x_wconf 86' lang='lat' dir='ltr'><strong>relationem</strong></span> <span class='ocrx_word' id='word_1_186' title='bbox 649 2690 813 2753; x_wconf 90' lang='lat' dir='ltr'><strong>inter</strong></span> <span class='ocrx_word' id='word_1_187' title='bbox 892 2694 1114 2757; x_wconf 90' lang='lat' dir='ltr'><strong>basem</strong></span> <span class='ocrx_word' id='word_1_188' title='bbox 1197 2720 1312 2761; x_wconf 89' lang='lat' dir='ltr'><strong>seu</strong></span> 
     </span>
     <span class='ocr_line' id='line_1_32' title="bbox 190 2785 1316 2860; baseline 0.013 -15"><span class='ocrx_word' id='word_1_189' title='bbox 190 2785 536 2848; x_wconf 85' lang='lat' dir='ltr'><strong>abscissam</strong></span> <span class='ocrx_word' id='word_1_190' title='bbox 610 2791 679 2851; x_wconf 87' lang='lat' dir='ltr'><em>A</em></span> <span class='ocrx_word' id='word_1_191' title='bbox 713 2791 771 2853; x_wconf 94' lang='lat' dir='ltr'><em>C</em></span> <span class='ocrx_word' id='word_1_192' title='bbox 842 2793 904 2855; x_wconf 81' lang='lat'>&amp;</span> <span class='ocrx_word' id='word_1_193' title='bbox 975 2796 1316 2860; x_wconf 92' lang='lat' dir='ltr'><strong>ordinatim</strong></span> 
     </span>
     <span class='ocr_line' id='line_1_33' title="bbox 189 2885 1316 2974; baseline 0.013 -29"><span class='ocrx_word' id='word_1_194' title='bbox 189 2885 572 2967; x_wconf 89' lang='lat' dir='ltr'><strong>applicatam</strong></span> <span class='ocrx_word' id='word_1_195' title='bbox 620 2891 678 2952; x_wconf 95' lang='lat' dir='ltr'><em>C</em></span> <span class='ocrx_word' id='word_1_196' title='bbox 695 2892 789 2965; x_wconf 88' lang='lat' dir='ltr'><strong>H,</strong></span> <span class='ocrx_word' id='word_1_197' title='bbox 823 2906 894 2954; x_wconf 93' lang='lat' dir='ltr'><strong>ut</strong></span> <span class='ocrx_word' id='word_1_198' title='bbox 939 2896 1132 2958; x_wconf 93' lang='lat' dir='ltr'><strong>moris</strong></span> <span class='ocrx_word' id='word_1_199' title='bbox 1178 2911 1316 2974; x_wconf 79' lang='lat' dir='ltr'><strong>est3</strong></span> 
     </span>
     <span class='ocr_line' id='line_1_34' title="bbox 191 2984 1316 3077; baseline 0.013 -32"><span class='ocrx_word' id='word_1_200' title='bbox 191 2984 254 3046; x_wconf 64' lang='lat'><strong>81</strong></span> <span class='ocrx_word' id='word_1_201' title='bbox 314 2984 494 3049; x_wconf 91' lang='lat' dir='ltr'><strong>valor</strong></span> <span class='ocrx_word' id='word_1_202' title='bbox 567 2990 908 3054; x_wconf 91' lang='lat' dir='ltr'><strong>ordinatim</strong></span> <span class='ocrx_word' id='word_1_203' title='bbox 983 2994 1316 3077; x_wconf 67' lang='lat' dir='ltr'><strong>applicatae</strong></span> 
     </span>
     <span class='ocr_line' id='line_1_35' title="bbox 188 3084 1315 3160; baseline 0.012 -14"><span class='ocrx_word' id='word_1_204' title='bbox 188 3084 542 3150; x_wconf 90' lang='lat' dir='ltr'><strong>resolvatur</strong></span> <span class='ocrx_word' id='word_1_205' title='bbox 615 3090 678 3151; x_wconf 94' lang='lat' dir='ltr'><strong>in</strong></span> <span class='ocrx_word' id='word_1_206' title='bbox 752 3092 981 3155; x_wconf 91' lang='lat' dir='ltr'><strong>seriem</strong></span> <span class='ocrx_word' id='word_1_207' title='bbox 1056 3117 1315 3160; x_wconf 89' lang='lat' dir='ltr'><strong>conver-</strong></span> 
     </span>
     <span class='ocr_line' id='line_1_36' title="bbox 185 3189 1317 3277; baseline 0.013 -31"><span class='ocrx_word' id='word_1_208' title='bbox 185 3200 447 3269; x_wconf 86' lang='lat' dir='ltr'><strong>gentem</strong></span> <span class='ocrx_word' id='word_1_209' title='bbox 482 3212 493 3250; x_wconf 79' lang='lat' dir='ltr'><em>z</em></span> <span class='ocrx_word' id='word_1_210' title='bbox 568 3189 904 3254; x_wconf 91' lang='lat' dir='ltr'><strong>Problema</strong></span> <span class='ocrx_word' id='word_1_211' title='bbox 934 3216 1050 3275; x_wconf 91' lang='lat' dir='ltr'><strong>per</strong></span> <span class='ocrx_word' id='word_1_212' title='bbox 1077 3197 1317 3277; x_wconf 88' lang='lat' dir='ltr'><strong>primos</strong></span> 
     </span>
     <span class='ocr_line' id='line_1_37' title="bbox 184 3287 1314 3374; baseline 0.012 -27"><span class='ocrx_word' id='word_1_213' title='bbox 184 3287 369 3349; x_wconf 89' lang='lat' dir='ltr'><strong>seriei</strong></span> <span class='ocrx_word' id='word_1_214' title='bbox 416 3289 719 3353; x_wconf 89' lang='lat' dir='ltr'><strong>terminos</strong></span> <span class='ocrx_word' id='word_1_215' title='bbox 766 3294 1064 3374; x_wconf 88' lang='lat' dir='ltr'><strong>expedite</strong></span> <span class='ocrx_word' id='word_1_216' title='bbox 1109 3298 1314 3361; x_wconf 87' lang='lat' dir='ltr'><strong>solve-</strong></span> 
     </span>
     <span class='ocr_line' id='line_1_38' title="bbox 184 3389 1311 3476; baseline 0.012 -28"><span class='ocrx_word' id='word_1_217' title='bbox 184 3399 301 3462; x_wconf 91' lang='lat' dir='ltr'><strong>tur,</strong></span> <span class='ocrx_word' id='word_1_218' title='bbox 335 3401 406 3450; x_wconf 90' lang='lat' dir='ltr'><strong>ut</strong></span> <span class='ocrx_word' id='word_1_219' title='bbox 437 3389 498 3450; x_wconf 92' lang='lat' dir='ltr'><strong>in</strong></span> <span class='ocrx_word' id='word_1_220' title='bbox 532 3390 840 3472; x_wconf 85' lang='lat' dir='ltr'><strong>exemplis</strong></span> <span class='ocrx_word' id='word_1_221' title='bbox 882 3399 1311 3476; x_wconf 84' lang='lat' dir='ltr'><strong>sequentibus,</strong></span> 
     </span>
    </p>
   </div>
   <div class='ocr_carea' id='block_1_19' title="bbox 299 3489 2699 3590">
    <p class='ocr_par' dir='ltr' id='par_1_19' title="bbox 299 3489 2699 3590">
     <span class='ocr_line' id='line_1_39' title="bbox 299 3489 2699 3590; baseline 0.011 -42"><span class='ocrx_word' id='word_1_222' title='bbox 299 3489 586 3570; x_wconf 78' lang='lat' dir='ltr'><strong>Exempl.</strong></span> <span class='ocrx_word' id='word_1_223' title='bbox 634 3511 680 3553; x_wconf 88' lang='lat'><strong>1.</strong></span> <span class='ocrx_word' id='word_1_224' title='bbox 733 3491 835 3554; x_wconf 89' lang='lat' dir='ltr'><strong>Sit</strong></span> <span class='ocrx_word' id='word_1_225' title='bbox 864 3492 1032 3557; x_wconf 89' lang='lat' dir='ltr'><strong>linea</strong></span> <span class='ocrx_word' id='word_1_226' title='bbox 1075 3498 1233 3560; x_wconf 87' lang='lat' dir='ltr'><strong>PF</strong></span> <span class='ocrx_word' id='word_1_227' title='bbox 1245 3501 1336 3561; x_wconf 93' lang='lat' dir='ltr'><em>H</em></span> <span class='ocrx_word' id='word_1_228' title='bbox 1352 3501 1410 3577; x_wconf 79' lang='lat' dir='ltr'><em>Q</em></span> <span class='ocrx_word' id='word_1_229' title='bbox 1457 3503 1889 3569; x_wconf 91' lang='lat' dir='ltr'><strong>semicirculus</strong></span> <span class='ocrx_word' id='word_1_230' title='bbox 1942 3529 2136 3590; x_wconf 92' lang='lat' dir='ltr'><strong>super</strong></span> <span class='ocrx_word' id='word_1_231' title='bbox 2186 3509 2499 3574; x_wconf 88' lang='lat' dir='ltr'><strong>diametro</strong></span> <span class='ocrx_word' id='word_1_232' title='bbox 2549 3511 2699 3588; x_wconf 77' lang='lat' dir='ltr'><strong>PQ</strong></span> 
     </span>
    </p>
   </div>
   <div class='ocr_carea' id='block_1_20' title="bbox 181 3587 2713 3760">
    <p class='ocr_par' dir='ltr' id='par_1_20' title="bbox 181 3587 2713 3760">
     <span class='ocr_line' id='line_1_40' title="bbox 182 3587 2713 3695; baseline 0.011 -48"><span class='ocrx_word' id='word_1_233' title='bbox 182 3587 555 3670; x_wconf 89' lang='lat' dir='ltr'><strong>descriptus,</strong></span> <span class='ocrx_word' id='word_1_234' title='bbox 613 3590 675 3652; x_wconf 64' lang='lat'><strong>81</strong></span> <span class='ocrx_word' id='word_1_235' title='bbox 735 3595 1094 3675; x_wconf 90' lang='lat' dir='ltr'><strong>requiratur</strong></span> <span class='ocrx_word' id='word_1_236' title='bbox 1152 3600 1345 3663; x_wconf 92' lang='lat' dir='ltr'><strong>medii</strong></span> <span class='ocrx_word' id='word_1_237' title='bbox 1408 3603 1692 3667; x_wconf 90' lang='lat' dir='ltr'><strong>densitas</strong></span> <span class='ocrx_word' id='word_1_238' title='bbox 1775 3629 1920 3689; x_wconf 85' lang='lat' dir='ltr'><strong>quae</strong></span> <span class='ocrx_word' id='word_1_239' title='bbox 1979 3609 2172 3672; x_wconf 87' lang='lat' dir='ltr'><strong>faciat</strong></span> <span class='ocrx_word' id='word_1_240' title='bbox 2243 3623 2317 3673; x_wconf 90' lang='lat' dir='ltr'><strong>ut</strong></span> <span class='ocrx_word' id='word_1_241' title='bbox 2387 3611 2713 3695; x_wconf 89' lang='lat' dir='ltr'><strong>projectile</strong></span> 
     </span>
     <span class='ocr_line' id='line_1_41' title="bbox 181 3686 976 3760; baseline 0.013 -12"><span class='ocrx_word' id='word_1_242' title='bbox 181 3686 246 3749; x_wconf 91' lang='lat' dir='ltr'><strong>in</strong></span> <span class='ocrx_word' id='word_1_243' title='bbox 279 3688 397 3751; x_wconf 92' lang='lat' dir='ltr'><strong>hac</strong></span> <span class='ocrx_word' id='word_1_244' title='bbox 426 3688 596 3752; x_wconf 90' lang='lat' dir='ltr'><strong>linea</strong></span> <span class='ocrx_word' id='word_1_245' title='bbox 626 3708 976 3760; x_wconf 90' lang='lat' dir='ltr'><strong>moveatur.</strong></span> 
     </span>
    </p>
   </div>
   <div class='ocr_carea' id='block_1_21' title="bbox 185 3789 2709 3990">
    <p class='ocr_par' dir='ltr' id='par_1_21' title="bbox 185 3789 2709 3990">
     <span class='ocr_line' id='line_1_42' title="bbox 301 3789 2709 3886; baseline 0.01 -36"><span class='ocrx_word' id='word_1_246' title='bbox 301 3789 629 3854; x_wconf 90' lang='lat' dir='ltr'><strong>Bisecetur</strong></span> <span class='ocrx_word' id='word_1_247' title='bbox 675 3793 988 3859; x_wconf 92' lang='lat' dir='ltr'><strong>diameter</strong></span> <span class='ocrx_word' id='word_1_248' title='bbox 1038 3800 1183 3876; x_wconf 78' lang='lat' dir='ltr'><strong>PQ</strong></span> <span class='ocrx_word' id='word_1_249' title='bbox 1227 3801 1288 3863; x_wconf 92' lang='lat' dir='ltr'><strong>in</strong></span> <span class='ocrx_word' id='word_1_250' title='bbox 1330 3803 1400 3864; x_wconf 95' lang='lat' dir='ltr'><em>A</em></span> <span class='ocrx_word' id='word_1_251' title='bbox 1429 3829 1455 3878; x_wconf 87' lang='lat'><strong>,·</strong></span> <span class='ocrx_word' id='word_1_252' title='bbox 1502 3805 1605 3868; x_wconf 89' lang='lat' dir='ltr'><strong>dic</strong></span> <span class='ocrx_word' id='word_1_253' title='bbox 1644 3807 1715 3868; x_wconf 95' lang='lat' dir='ltr'><em>A</em></span> <span class='ocrx_word' id='word_1_254' title='bbox 1744 3807 1821 3886; x_wconf 79' lang='lat' dir='ltr'><strong>Q,</strong></span> <span class='ocrx_word' id='word_1_255' title='bbox 1858 3831 1902 3870; x_wconf 83' lang='lat' dir='ltr'><strong>n</strong></span> <span class='ocrx_word' id='word_1_256' title='bbox 1921 3834 1947 3882; x_wconf 90' lang='lat'><strong>,·</strong></span> <span class='ocrx_word' id='word_1_257' title='bbox 1989 3811 2060 3871; x_wconf 96' lang='lat' dir='ltr'><em>A</em></span> <span class='ocrx_word' id='word_1_258' title='bbox 2091 3810 2158 3885; x_wconf 86' lang='lat' dir='ltr'><strong>C,</strong></span> <span class='ocrx_word' id='word_1_259' title='bbox 2190 3833 2276 3885; x_wconf 86' lang='lat' dir='ltr'><strong>a,·</strong></span> <span class='ocrx_word' id='word_1_260' title='bbox 2325 3811 2495 3886; x_wconf 91' lang='lat' dir='ltr'><strong>CH,</strong></span> <span class='ocrx_word' id='word_1_261' title='bbox 2533 3833 2605 3884; x_wconf 81' lang='lat' dir='ltr'><strong>e,·</strong></span> <span class='ocrx_word' id='word_1_262' title='bbox 2647 3811 2709 3874; x_wconf 85' lang='lat'>&amp;</span> 
     </span>
     <span class='ocr_line' id='line_1_43' title="bbox 185 3890 2704 3990; baseline 0.01 -40"><span class='ocrx_word' id='word_1_263' title='bbox 185 3890 341 3964; x_wconf 88' lang='lat' dir='ltr'><strong>CD,</strong></span> <span class='ocrx_word' id='word_1_264' title='bbox 375 3913 447 3954; x_wconf 91' lang='lat'><strong>0.-</strong></span> <span class='ocrx_word' id='word_1_265' title='bbox 527 3892 589 3955; x_wconf 84' lang='lat'>&amp;</span> <span class='ocrx_word' id='word_1_266' title='bbox 641 3894 761 3958; x_wconf 92' lang='lat' dir='ltr'><strong>erit</strong></span> <span class='ocrx_word' id='word_1_267' title='bbox 811 3897 1001 3979; x_wconf 81' lang='lat' dir='ltr'><em>qu</em></span> <span class='ocrx_word' id='word_1_268' title='bbox 1053 3921 1160 3962; x_wconf 88' lang='lat' dir='ltr'><strong>seu</strong></span> <span class='ocrx_word' id='word_1_269' title='bbox 1225 3902 2704 3990; x_wconf 77' lang='lat' dir='ltr'><strong>AQq-ADq=nn-aa-2a0—00,seu</strong></span> 
     </span>
    </p>
   </div>
   <div class='ocr_carea' id='block_1_22' title="bbox 2215 1906 2390 1914">
    <p class='ocr_par' dir='ltr' id='par_1_22' title="bbox 2215 1906 2390 1914">
     <span class='ocr_line' id='line_1_44' title="bbox 2215 1906 2390 1914; baseline 0 2336"><span class='ocrx_word' id='word_1_270' title='bbox 2215 1906 2390 1914; x_wconf 95' lang='lat' dir='ltr'><strong> </strong></span> 
     </span>
    </p>
   </div>
   <div class='ocr_carea' id='block_1_23' title="bbox 198 1906 2721 2007">
    <p class='ocr_par' dir='ltr' id='par_1_23' title="bbox 198 1906 2721 2007">
     <span class='ocr_line' id='line_1_45' title="bbox 198 1906 2721 2007; baseline 0.008 -40"><span class='ocrx_word' id='word_1_271' title='bbox 198 1906 508 1971; x_wconf 82' lang='lat' dir='ltr'><strong>ordinatae</strong></span> <span class='ocrx_word' id='word_1_272' title='bbox 557 1907 814 1972; x_wconf 91' lang='lat' dir='ltr'><strong>cuilibet</strong></span> <span class='ocrx_word' id='word_1_273' title='bbox 857 1910 928 1972; x_wconf 94' lang='lat' dir='ltr'><em>A</em></span> <span class='ocrx_word' id='word_1_274' title='bbox 957 1912 1030 1973; x_wconf 91' lang='lat' dir='ltr'><em>F</em></span> <span class='ocrx_word' id='word_1_275' title='bbox 1071 1909 1135 1972; x_wconf 94' lang='lat' dir='ltr'><strong>in</strong></span> <span class='ocrx_word' id='word_1_276' title='bbox 1180 1911 1279 1975; x_wconf 89' lang='lat' dir='ltr'><strong>T:</strong></span> <span class='ocrx_word' id='word_1_277' title='bbox 1331 1913 1451 1978; x_wconf 91' lang='lat' dir='ltr'><strong>erit</strong></span> <span class='ocrx_word' id='word_1_278' title='bbox 1680 1918 1945 2002; x_wconf 79' lang='lat' dir='ltr'><strong>aequalis</strong></span> <span class='ocrx_word' id='word_1_279' title='bbox 2003 1906 2215 1999; x_wconf 48' lang='lat' dir='ltr'><strong>AT]-</strong></span> <span class='ocrx_word' id='word_1_280' title='bbox 2243 1923 2305 2003; x_wconf 96' lang='grc' dir='ltr'><strong>Ω</strong></span> <span class='ocrx_word' id='word_1_281' title='bbox 2331 1924 2411 2004; x_wconf 86' lang='grc' dir='ltr'><strong>Ω,</strong></span> <span class='ocrx_word' id='word_1_282' title='bbox 2446 1923 2721 2007; x_wconf 92' lang='lat' dir='ltr'><strong>ideoque</strong></span> 
     </span>
    </p>
   </div>
   <div class='ocr_carea' id='block_1_24' title="bbox 1481 1952 1648 1960">
    <p class='ocr_par' dir='ltr' id='par_1_24' title="bbox 1481 1952 1648 1960">
     <span class='ocr_line' id='line_1_46' title="bbox 1481 1952 1648 1960; baseline 0 0"><span class='ocrx_word' id='word_1_283' title='bbox 1481 1952 1648 1960; x_wconf 95' lang='lat' dir='ltr'><strong> </strong></span> 
     </span>
    </p>
   </div>
   <div class='ocr_carea' id='block_1_25' title="bbox 994 2070 1311 2079">
    <p class='ocr_par' dir='ltr' id='par_1_25' title="bbox 994 2070 1311 2079">
     <span class='ocr_line' id='line_1_47' title="bbox 994 2070 1311 2079; baseline 0 2171"><span class='ocrx_word' id='word_1_284' title='bbox 994 2070 1311 2079; x_wconf 95' lang='lat' dir='ltr'><strong> </strong></span> 
     </span>
    </p>
   </div>
   <div class='ocr_carea' id='block_1_26' title="bbox 194 2340 265 2390">
    <p class='ocr_par' dir='ltr' id='par_1_26' title="bbox 194 2340 265 2390">
     <span class='ocr_line' id='line_1_48' title="bbox 194 2340 265 2390; baseline 0.014 -1"><span class='ocrx_word' id='word_1_285' title='bbox 194 2340 265 2390; x_wconf 91' lang='lat' dir='ltr'><strong>ut</strong></span> 
     </span>
    </p>
   </div>
   <div class='ocr_carea' id='block_1_27' title="bbox 302 2368 594 2375">
    <p class='ocr_par' dir='ltr' id='par_1_27' title="bbox 302 2368 594 2375">
     <span class='ocr_line' id='line_1_49' title="bbox 302 2368 594 2375; baseline 0 1875"><span class='ocrx_word' id='word_1_286' title='bbox 302 2368 594 2375; x_wconf 95' lang='lat' dir='ltr'><strong> </strong></span> 
     </span>
    </p>
   </div>
   <div class='ocr_carea' id='block_1_28' title="bbox 1574 2379 1916 2386">
    <p class='ocr_par' dir='ltr' id='par_1_28' title="bbox 1574 2379 1916 2386">
     <span class='ocr_line' id='line_1_50' title="bbox 1574 2379 1916 2386; baseline 0 1864"><span class='ocrx_word' id='word_1_287' title='bbox 1574 2379 1916 2386; x_wconf 95' lang='lat' dir='ltr'><strong> </strong></span> 
     </span>
    </p>
   </div>
   <div class='ocr_carea' id='block_1_29' title="bbox 1577 2395 1959 2462">
    <p class='ocr_par' dir='ltr' id='par_1_29' title="bbox 1577 2395 1959 2462">
     <span class='ocr_line' id='line_1_51' title="bbox 1577 2395 1959 2462; baseline 0.008 -3"><span class='ocrx_word' id='word_1_288' title='bbox 1577 2395 1959 2462; x_wconf 76' lang='lat' dir='ltr'><strong>RxHT‘</strong></span> 
     </span>
    </p>
   </div>
   <div class='ocr_carea' id='block_1_30' title="bbox 1388 2568 2694 3442">
    <p class='ocr_par' dir='ltr' id='par_1_30' title="bbox 1388 2568 2694 3442">
     <span class='ocr_line' id='line_1_52' title="bbox 1388 2568 2694 3442; baseline 0 0"><span class='ocrx_word' id='word_1_289' title='bbox 1388 2568 2694 3442; x_wconf 95' lang='lat' dir='ltr'><strong> </strong></span> 
     </span>
    </p>
   </div>
  </div>
 </body>
</html>
