2852 4250
1087 110 1328 160 <LIBER
1368 111 1700 163 TERTIUS.
2470 140 2510 196 4
2516 138 2547 199 5
2562 141 2583 181 Ι

111 276 500 369 ghodorum.
593 271 714 333 Est
743 271 805 333 ἃ
833 270 1103 352 aequatio
1131 283 1460 344 menstrua,
1492 271 1605 332 sed
1646 293 1788 352 quae
1831 274 1911 334 ad
1955 275 2367 340 inventionem
2395 277 2594 343 latitu-

163 373 341 438 'dinis
382 370 548 438 lunae
590 369 845 429 minime
894 369 1241 429 necessaria
1289 380 1400 429 est.
1451 434 1454 436 .
1494 368 1664 428 Nam
1713 391 1854 429 cum
1898 372 2155 432 variatio
2199 374 2596 439 inclinationis

84 465 126 549 '¹'
176 470 346 535 orbis
393 467 623 528 lunaris
669 467 751 526 ad
801 465 1055 546 planum
1112 464 1410 543 eclipticae
1466 464 1694 543 duplici
1745 466 2140 546 inaequalitati
2189 471 2454 533 obnoxia
2501 476 2594 547 sit,

73 597 103 652 v·
142 578 145 581 ’
176 568 352 632 alteri
380 561 682 638 semestri,
715 562 888 624 alteri
919 575 1134 639 autem·
1157 573 1523 633 menstruae3
1569 560 1749 641 hujus
1779 576 2092 624 menstrua
2135 566 2509 646 inaequalitas
2541 571 2600 631 &

174 664 448 746 aequatio
477 673 795 722 menstrua
823 660 1128 720 nodorum
1159 659 1244 718 ita
1272 679 1341 718 se
1365 670 1578 718 mutuo
1609 671 2071 739 contemperant
2101 662 2160 724 Sc
2189 666 2509 746 corrigunt,
2534 682 2603 728 ut

95 776 97 779 ’
178 762 380 825 ambae
410 761 473 820 in
502 756 975 820 determinanda
1003 755 1328 817 latitudine
1357 754 1519 816 lunae
1550 755 1778 837 negligi
1808 758 2060 836 possint.

75 853 83 860 ’
270 858 465 920 Corol.
518 856 623 916 Ex
680 855 797 915 hac
855 853 916 914 &
973 853 1365 933 praecedente
1422 854 1841 931 propositione
1884 852 2077 934 liquet
2132 856 2298 934 quod
2345 857 2489 917 nodi
2540 858 2601 918 in

13 1034 19 1039 ι
83 990 97 1022 ·‚
178 956 449 1039 syzygiis
519 953 648 1014 suis
721 952 1060 1032 quieseunt,
1114 951 1175 1011 in
1235 950 1623 1030 quadraturis
1687 964 1893 1011 autem
1950 952 2376 1031 regrediuntur
2432 968 2601 1015 motu

72 1094 80 1103 ·
175 1054 425 1121 horario
477 1051 590 1112 16''
641 1049 772 1127 19'''
804 1048 943 1111 26³&
1038 1049 1126 1109 Et
1169 1048 1337 1128 quod
1384 1049 1650 1127 aequatio
1696 1060 1898 1109 motus
1945 1049 2243 1109 nodorum
2295 1051 2354 1110 in
2398 1064 2602 1112 octan-

178 1154 345 1216 tibus
390 1152 472 1212 sit
529 1160 612 1211 1⁸¹·
667 1147 778 1228 30'.
886 1148 1048 1227 Quae
1098 1146 1306 1208 omnia
1356 1166 1495 1206 cum
1546 1145 1968 1225 phaenomenis
2020 1144 2368 1207 coelestibus
2413 1149 2604 1227 probe

22 1288 26 1296 ‚
60 1287 68 1349 ζ
93 1318 97 1323 ,
184 1253 506 1338 quadrant.

1240 1441 1567 1503 scholium.

299 1610 448 1678 Alia
476 1615 714 1677 ratione
758 1623 996 1673 motum
1041 1606 1346 1668 nodorum
1392 1605 1468 1680 J.
1501 1604 1762 1664 Machz'n
1790 1605 2050 1664 Astron.
2085 1602 2266 1681 Prof
2303 1602 2607 1663 Gresham.

188 1716 250 1778 81
311 1716 475 1778 Hen.
534 1713 893 1774 Pemberton
975 1707 1157 1767 M.D.
1221 1726 1499 1766 seorsum
1580 1704 1960 1762 invenerunt.
2075 1701 2282 1781 Hujus
2341 1699 2612 1759 methodi

185 1815 419 1877 mentio
449 1811 738 1893 quaedam
769 1807 913 1868 alibi
957 1806 1119 1866 facta
1158 1816 1267 1864 est.
1364 1802 1451 1861 Et
1479 1801 1796 1878 utriusque
1828 1800 2068 1871 chartae,
2102 1820 2254 1877 quas
2284 1797 2426 1868 vidi,
2459 1797 2611 1855 duas

51 1976 59 1993 1,
185 1912 640 1995 propositiones
670 1905 1069 1968 continebant
1115 1902 1174 1962 &
1206 1902 1363 1961 inter
1391 1922 1459 1960 se
1491 1900 1549 1958 in
1581 1898 1855 1976 utrisque
1898 1897 2331 1977 congruebant.
2423 1894 2611 1954 Char-

86 2059 94 2062 -
186 2023 316 2073 tam
345 2031 497 2071 vero
531 2009 611 2069 D.
638 2005 917 2075 Maclzz'n,
944 2023 1083 2063 cum
1114 2000 1281 2080 prior
1311 2000 1371 2059 in
1403 2019 1623 2058 manus
1654 2017 1822 2056 meas
1853 1994 2103 2065 venerit,
2137 1993 2233 2052 hic
2262 1992 2606 2072 adjungam.

833 2232 945 2292 DE
1014 2227 1235 2288 Mow
1304 2224 1679 2285 NonoRUM
1751 2222 1987 2281 LUNAE.

1084 2373 1634 2427 PROPOSITIO
1697 2373 1743 2420 I.

16 2516 62 2631 ξ
311 2544 345 2572 “
367 2539 587 2599 Motus
626 2537 770 2598 solis
819 2538 1050 2600 medius
1093 2560 1134 2598 a
1190 2536 1342 2597 nodo
1385 2534 1685 2614 definitur
1710 2541 1832 2612 per
1871 2530 2129 2590 mediam
2160 2525 2620 2607 proportionale

31 2651 49 2715 j
191 2643 228 2671 “
237 2637 664 2719 geometricum
707 2637 875 2696 inter
900 2645 1128 2697 motum
1159 2636 1351 2715 ipsius
1379 2634 1520 2693 solis
1549 2632 1810 2691 772ed2'am
1845 2632 1922 2693 ὥ*
1945 2636 2171 2687 motam
2200 2626 2378 2685 illam
2402 2622 2611 2682 medio-

20 2743 51 2805 ἐξ
193 2741 227 2770 “
246 2759 402 2799 crem
431 2758 548 2817 quo
575 2737 670 2796 sol
690 2737 998 2796 celerrime
1027 2734 1242 2795 recedit
1268 2755 1306 2792 a
1338 2732 1486 2791 nodo
1517 2732 1583 2789 2⁰72
1611 2726 2029 2809 quadraturis,

308 2895 340 2920 “
360 2887 460 2948 Sit
528 2887 592 2946 T
637 2885 808 2947 locus
866 2886 971 2945 ubi
1024 2898 1200 2955 terra,
1254 2884 1338 2943 N
1354 2904 1396 2941 72
1453 2880 1614 2940 linea
1660 2878 1961 2938 nodorum
2017 2873 2179 2933 lunae
2237 2871 2315 2930 ad
2374 2881 2616 2945 tempus

130 3024 134 3028 -
195 2985 518 3065 “quodvis
562 2984 793 3056 datum,
834 2985 916 3044 K
939 2985 1002 3043 T
1012 2985 1106 3043 M
1139 2982 1279 3041 huic
1327 2980 1405 3039 ad
1451 2990 1648 3038 rectos
1693 2972 1952 3054 angulos
1996 2971 2194 3040 ducta,
2260 2968 2321 3026 T
2332 2967 2398 3041 Α
2457 2975 2620 3023 recta

196 3090 228 3115 “
252 3082 479 3142 circum
503 3094 780 3141 centrum
806 3080 1133 3142 revolvens
1158 3101 1231 3139 ea
1255 3099 1394 3137 cum
1417 3074 1743 3135 velocitate
1766 3068 2040 3150 angulari
2065 3088 2186 3146 qua
2209 3063 2298 3125 sol
2332 3063 2390 3122 ἃ
2422 3061 2618 3120 nodus

198 3185 293 3238 “a
321 3199 389 3238 se
421 3178 685 3238 invicem
716 3178 1031 3252 recedunt,
1067 3178 1151 3237 ita
1180 3188 1248 3234 ut
1278 3172 1540 3254 angulus
1573 3172 1731 3230 inter
1774 3181 2002 3227 rectam
2034 3164 2447 3243 quiescentem
2478 3157 2559 3215 N
2577 3177 2620 3213 αι

198 3285 229 3310 “
255 3276 316 3338 &
345 3275 771 3338 revolventem
814 3277 957 3335 TA
1015 3295 1261 3353 semper
1291 3272 1397 3331 fiat
1427 3267 1680 3348 aequalis
1712 3264 2018 3325 distantiae
2062 3260 2331 3320 locorum
2374 3252 2516 3313 solis
2562 3250 2620 3309 &

197 3382 229 3408 “
254 3375 416 3436 nodi.
506 3375 650 3454 Jam
680 3375 730 3434 si
763 3387 930 3434 recta
959 3372 1200 3452 quaevis
1243 3370 1305 3429 T
1316 3370 1395 3428 K
1418 3366 1730 3426 dividatur
1760 3363 1820 3421 in
1853 3372 2056 3439 partes
2099 3357 2160 3415 T
2153 3356 2207 3413 S
2234 3354 2293 3412 Sc
2323 3353 2377 3410 S
2381 3351 2459 3409 K
2482 3368 2619 3425 quae

200 3479 231 3505 “
255 3473 381 3532 sint
408 3484 478 3532 ut
507 3485 712 3532 motus
742 3470 890 3531 solis
921 3469 1199 3530 horarius
1244 3466 1485 3526 medius
1530 3463 1609 3523 ad
1655 3473 1889 3520 motum
1921 3452 2224 3514 horarium
2256 3447 2620 3506 mediocrem

130 3645 132 3648 ι
199 3570 402 3632 “nodi
434 3571 495 3630 in
527 3570 933 3650 quadraturis,
969 3568 1028 3628 &
1058 3577 1323 3645 ponatur
1352 3574 1518 3622 recta
1560 3561 1622 3619 T
1633 3559 1718 3618 H
1739 3555 1943 3615 media
1970 3542 2434 3630 proportionalis
2466 3542 2621 3599 inter

202 3676 234 3702 “
258 3680 498 3748 partem
540 3668 604 3726 T
595 3667 652 3726 S
678 3666 739 3726 &
768 3678 964 3726 totam
999 3665 1062 3723 T
1052 3664 1133 3723 K
1131 3711 1143 3735 ,
1168 3663 1301 3722 haec
1331 3671 1498 3721 recta
1527 3658 1686 3718 inter
1717 3653 1995 3731 reliquas
2010 3637 2476 3727 proportionalis
2508 3635 2622 3697 erit

209 3765 459 3830 “motui
489 3764 697 3827 medio
727 3762 873 3827 solis
903 3784 942 3824 a
971 3761 1154 3824 nodo,
