2852 4250
1052 90 1289 139 LIBER
1325 89 1418 138 SE
1419 89 1464 139 C
1473 91 1632 140 UND
1645 92 1743 141 US.
2493 123 2571 182 30
2575 124 2610 183 3

57 333 62 341 ἰ
305 252 501 314 Corol.
553 269 605 327 3.
659 248 830 310 Hinc
859 249 1046 309 etiam
1078 250 1405 311 innotescit
1432 247 1727 311 velocitas
1758 251 1820 311 in
1849 250 1998 314 locis
2041 257 2337 338 singulis:
2382 265 2613 344 quippe

70 391 75 410 -.
134 370 137 371 ⁷
185 370 328 432 quae
384 360 481 410 est
538 348 600 408 in
658 345 1088 425 subduplicata
1144 347 1383 407 ratione
1440 347 1822 419 resistentiae,
1883 348 1944 408 &
2001 349 2138 429 ipso
2187 367 2390 416 motus
2441 359 2615 421 initio

182 457 464 527 aequatur
504 438 815 505 velocitati
858 443 1131 523 corporis
1176 444 1237 503 in
1282 443 1504 504 eadem
1549 441 1827 522 cycloide
1870 445 2004 506 sine
2047 450 2215 535 omni
2267 453 2615 516 resistentia

183 541 532 606 oscillantiS.

296 623 621 701 Caeterum'
666 638 748 699 ob
798 635 1110 698 difficilem
1161 634 1460 696 calculum
1505 657 1631 716 quo
1674 637 2022 700 resistentia
2066 641 2126 701 &
2168 641 2462 706 velocitas
2504 668 2618 726 per

181 737 340 797 hanc
367 735 852 815 propositionem
883 733 1274 794 inveniendae
1305 745 1465 805 sunt,
1490 734 1694 793 visum
1717 746 1814 795 est
1842 739 2325 816 propositionem
2355 763 2614 823 sequen-

183 846 309 894 tem
340 833 727 914 subjungere.

369 1133 991 1196 PROPOSITIO
1069 1131 1323 1195 XXX.
1447 1133 2055 1198 THEOREMA
2134 1138 2420 1202 XXIV.

140 1331 150 1342 ·
179 1302 261 1363 Si
284 1311 444 1364 recta
471 1324 510 1363 a
535 1303 586 1362 B
614 1302 866 1383 aequalis
891 1301 975 1362 sit
999 1300 1274 1380 cycloidis
1302 1301 1484 1361 arcui
1506 1323 1678 1380 quem
1721 1311 1935 1382 corpus
1967 1306 2293 1367 oscillando
2320 1308 2611 1384 describit,

264 1417 347 1481 ὅς’
372 1414 463 1474 ad
479 1414 731 1494 singula
757 1414 886 1494 q‘us
918 1420 1158 1493 puncta
1194 1413 1256 1472 D
1287 1413 1619 1492 erigantur
1649 1414 2090 1492 perpendicula
2121 1416 2183 1475 D
2215 1417 2301 1492 K,
2329 1439 2465 1497 quoe
2488 1420 2616 1479 sint

259 1527 350 1587 ad
370 1526 809 1607 longitudinem
842 1525 1113 1605 penduli
1136 1533 1210 1585 ut
1237 1525 1578 1585 resistentia
1606 1526 1874 1604 corporis
1901 1526 1969 1586 in
1998 1549 2178 1588 arcus
2210 1531 2464 1607 punctis
2490 1552 2613 1590 cor-

259 1626 745 1718 respondentibus
771 1637 862 1697 ad
882 1638 1007 1698 vim
1024 1637 1368 1718 gravitatis
1391 1663 1408 1698 .·
1467 1637 1595 1696 dico
1622 1636 1787 1715 quod
1808 1635 2151 1717 differentia
2202 1639 2370 1699 inter
2402 1662 2615 1701 arcum

257 1750 527 1810 descensu
557 1756 676 1809 toto
703 1747 1065 1828 descriptum
1093 1751 1174 1814 ὅς’
1194 1769 1410 1809 arcum
1438 1770 1678 1809 ascensu
1703 1756 1822 1808 toto
1842 1750 2217 1829 subsequente
2234 1750 2611 1831 descriptum,

256 1862 439 1923 ducta
467 1862 536 1922 in
565 1883 823 1922 arcuum
851 1861 1175 1923 eorundem
1202 1862 1662 1932 semisummam,
1695 1861 1946 1941 oequalis
1982 1863 2102 1922 erit
2141 1884 2299 1922 areae
2328 1863 2377 1923 B
2407 1864 2468 1924 K
2498 1886 2535 1924 a
2576 1887 2615 1924 a

244 1972 695 2052 perpendiculis
722 1973 998 2034 omnibus
1031 1956 1093 2035 D
1124 1974 1185 2034 K
1220 1982 1528 2054 occupatae.

29 1680 38 1696 Ο

4 1735 38 1769 (.-·

12 1765 31 1802 ,Ὺ

7 1828 35 1859 3

3 1860 38 1927 ῖς

9 1932 37 1965 ς.

14 1966 41 1997 ,⁸

14 2044 43 2101 <pl

19 2132 34 2156 ὗ

290 2166 661 2246 Exponatur
703 2167 868 2227 enim
900 2179 1031 2227 tum
1062 2143 1355 2247 cycloidis
1400 2187 1592 2238 arcuS‚
1625 2165 2004 2229 oscillatione
2056 2168 2296 2248 integra
2345 2168 2610 2248 descrip-

175 2275 290 2336 ωε,
336 2285 449 2343 per
496 2276 727 2324 rectam
773 2262 939 2324 illam
984 2266 1100 2325 sibi
1153 2263 1457 2345 aequalem
1509 2267 1646 2340 aB,
1695 2279 1825 2326 tum
1877 2288 2054 2326 arcus
2085 2266 2188 2345 qui
2241 2266 2611 2327 describere-

175 2361 364 2422 turin
395 2383 594 2423 vacuo
623 2383 735 2441 per
767 2360 1218 2444 longitudinem
1248 2364 1317 2423 A
1340 2365 1419 2424 B.
1517 2364 1833 2425 Bisecetur
1882 2364 1949 2422 A
1977 2363 2041 2422 B
2092 2363 2151 2422 in
2207 2364 2270 2433 C,
2322 2363 2381 2423 &
2423 2385 2609 2443 punc—

176 2471 308 2519 tum
371 2459 429 2519 C
480 2460 948 2540 repraesentabit
1007 2460 1286 2522 infimum
1345 2460 1637 2541 cycloidis
1697 2473 2008 2542 punctu'm,
2064 2460 2124 2521 &
2174 2461 2289 2521 erit
2352 2462 2408 2522 C
2417 2463 2488 2522 D
2544 2475 2612 2522 ut

643 3398 963 3438 ΑΜΝα
1373 3394 1534 3433 CO
1682 3401 1811 3450 dn
2100 3391 2141 3436 B

175 3549 272 3609 vis
298 3554 368 3610 'a
422 3551 730 3632 gravitate
787 3553 1063 3626 oriunda,
1123 3575 1250 3634 qua
1299 3575 1522 3633 corpus
1582 3554 1644 3613 in
1701 3553 1773 3612 D
1831 3551 2173 3613 secundum
2245 3559 2602 3628 tangentem

173 3645 464 3726 cycloidis
520 3663 789 3730 urgetur,
849 3671 1114 3730 eamque
1172 3651 1426 3712 habebit
1476 3651 1777 3711 rationem
1829 3649 1910 3709 ad
1961 3646 2411 3728 longitudinem
2454 3665 2599 3723 pen-

23 3783 69 3826 ς
114 3763 118 3767 ’
173 3742 301 3805 duli
331 3765 517 3825 quam
548 3746 737 3809 habet
765 3747 861 3807 vis
907 3747 967 3808 in
1012 3749 1083 3807 D
1124 3748 1205 3808 ad
1250 3749 1378 3808 vim
1427 3746 1767 3829 gravitatis,
1863 3746 2232 3825 Exponatur
2278 3742 2462 3823 igitur
2505 3740 2600 3800 vis
