<?xml version="1.0" encoding="UTF-8"?>
<!DOCTYPE html PUBLIC "-//W3C//DTD XHTML 1.0 Transitional//EN"
    "http://www.w3.org/TR/xhtml1/DTD/xhtml1-transitional.dtd">
<html xmlns="http://www.w3.org/1999/xhtml" xml:lang="en" lang="en">
 <head>
  <title>
</title>
<meta http-equiv="Content-Type" content="text/html;charset=utf-8" />
  <meta name='ocr-system' content='tesseract 3.04.00' />
  <meta name='ocr-capabilities' content='ocr_page ocr_carea ocr_par ocr_line ocrx_word'/>
</head>
<body>
  <div class='ocr_page' id='page_1' title='image "./principia00newtuoft/principia00newtuoft_0103.png"; bbox 0 0 2846 4224; ppageno 0'>
   <div class='ocr_carea' id='block_1_1' title="bbox 0 0 2671 376">
    <p class='ocr_par' dir='ltr' id='par_1_1' title="bbox 0 0 2671 376">
     <span class='ocr_line' id='line_1_1' title="bbox 0 0 2671 347; baseline 0.005 -183"><span class='ocrx_word' id='word_1_1' title='bbox 0 0 58 347; x_wconf 30' lang='grc'>1,</span> <span class='ocrx_word' id='word_1_2' title='bbox 1052 121 1289 171; x_wconf 81' lang='lat' dir='ltr'><em>LIBER</em></span> <span class='ocrx_word' id='word_1_3' title='bbox 1322 123 1632 173; x_wconf 78' lang='lat' dir='ltr'><em>PRIMUS,</em></span> <span class='ocrx_word' id='word_1_4' title='bbox 2479 143 2515 197; x_wconf 89' lang='lat'><strong>6</strong></span> <span class='ocrx_word' id='word_1_5' title='bbox 2529 159 2549 198; x_wconf 63' lang='grc' dir='ltr'>Ι</span> <span class='ocrx_word' id='word_1_6' title='bbox 2667 103 2671 108; x_wconf 73' lang='grc'><strong>’</strong></span> 
     </span>
     <span class='ocr_line' id='line_1_2' title="bbox 0 275 2561 376; baseline 0.004 -27"><span class='ocrx_word' id='word_1_7' title='bbox 0 275 9 285; x_wconf 18' lang='lat' dir='ltr'>i</span> <span class='ocrx_word' id='word_1_8' title='bbox 94 276 287 350; x_wconf 38' lang='lat' dir='ltr'>‘tione</span> <span class='ocrx_word' id='word_1_9' title='bbox 329 284 672 366; x_wconf 90' lang='lat' dir='ltr'>composita</span> <span class='ocrx_word' id='word_1_10' title='bbox 713 305 792 345; x_wconf 86' lang='lat' dir='ltr'>ex</span> <span class='ocrx_word' id='word_1_11' title='bbox 836 283 1270 364; x_wconf 87' lang='lat' dir='ltr'>subduplicata</span> <span class='ocrx_word' id='word_1_12' title='bbox 1311 284 1551 346; x_wconf 92' lang='lat' dir='ltr'>ratione</span> <span class='ocrx_word' id='word_1_13' title='bbox 1593 283 1803 348; x_wconf 90' lang='lat' dir='ltr'>lateris</span> <span class='ocrx_word' id='word_1_14' title='bbox 1843 289 2006 350; x_wconf 92' lang='lat' dir='ltr'>recti·</span> <span class='ocrx_word' id='word_1_15' title='bbox 2027 289 2089 351; x_wconf 85' lang='lat'>&amp;</span> <span class='ocrx_word' id='word_1_16' title='bbox 2127 294 2561 376; x_wconf 89' lang='lat' dir='ltr'>sesquiplicata</span> 
     </span>
    </p>
   </div>
   <div class='ocr_carea' id='block_1_2' title="bbox 6 358 2564 1056">
    <p class='ocr_par' dir='ltr' id='par_1_2' title="bbox 6 358 2564 1056">
     <span class='ocr_line' id='line_1_3' title="bbox 6 358 2558 478; baseline 0.004 -33"><span class='ocrx_word' id='word_1_17' title='bbox 6 358 35 470; x_wconf 59' lang='grc' dir='ltr'><em>Ξ</em></span> <span class='ocrx_word' id='word_1_18' title='bbox 115 384 356 446; x_wconf 91' lang='lat' dir='ltr'>ratione</span> <span class='ocrx_word' id='word_1_19' title='bbox 401 383 535 443; x_wconf 86' lang='lat' dir='ltr'>axis</span> <span class='ocrx_word' id='word_1_20' title='bbox 580 382 846 464; x_wconf 81' lang='lat' dir='ltr'>majoris,</span> <span class='ocrx_word' id='word_1_21' title='bbox 934 381 1070 443; x_wconf 87' lang='lat' dir='ltr'>Sed</span> <span class='ocrx_word' id='word_1_22' title='bbox 1116 381 1236 443; x_wconf 93' lang='lat' dir='ltr'>hoc</span> <span class='ocrx_word' id='word_1_23' title='bbox 1285 381 1712 464; x_wconf 88' lang='lat' dir='ltr'>rectangulum</span> <span class='ocrx_word' id='word_1_24' title='bbox 1763 382 1899 466; x_wconf 92' lang='lat' dir='ltr'>(per</span> <span class='ocrx_word' id='word_1_25' title='bbox 1943 385 2125 449; x_wconf 91' lang='lat' dir='ltr'>corol.</span> <span class='ocrx_word' id='word_1_26' title='bbox 2180 410 2352 471; x_wconf 90' lang='lat' dir='ltr'>prop.</span> <span class='ocrx_word' id='word_1_27' title='bbox 2402 396 2558 478; x_wconf 88' lang='lat' dir='ltr'><strong>XIV.)</strong></span> 
     </span>
     <span class='ocr_line' id='line_1_4' title="bbox 14 477 2563 564; baseline 0.004 -21"><span class='ocrx_word' id='word_1_28' title='bbox 14 551 23 564; x_wconf 28' lang='grc' dir='ltr'>ι</span> <span class='ocrx_word' id='word_1_29' title='bbox 117 494 215 544; x_wconf 91' lang='lat' dir='ltr'>est</span> <span class='ocrx_word' id='word_1_30' title='bbox 243 482 306 542; x_wconf 93' lang='lat' dir='ltr'>in</span> <span class='ocrx_word' id='word_1_31' title='bbox 335 481 572 542; x_wconf 86' lang='lat' dir='ltr'>ratione</span> <span class='ocrx_word' id='word_1_32' title='bbox 601 480 944 560; x_wconf 89' lang='lat' dir='ltr'>composita</span> <span class='ocrx_word' id='word_1_33' title='bbox 973 501 1053 540; x_wconf 85' lang='lat' dir='ltr'>ex</span> <span class='ocrx_word' id='word_1_34' title='bbox 1082 479 1514 560; x_wconf 92' lang='lat' dir='ltr'>subduplicata</span> <span class='ocrx_word' id='word_1_35' title='bbox 1542 482 1780 542; x_wconf 92' lang='lat' dir='ltr'>ratione</span> <span class='ocrx_word' id='word_1_36' title='bbox 1809 481 2018 544; x_wconf 90' lang='lat' dir='ltr'>lateris</span> <span class='ocrx_word' id='word_1_37' title='bbox 2055 477 2204 547; x_wconf 86' lang='lat' dir='ltr'>recti</span> <span class='ocrx_word' id='word_1_38' title='bbox 2237 488 2297 548; x_wconf 83' lang='lat'>&amp;</span> <span class='ocrx_word' id='word_1_39' title='bbox 2326 492 2563 555; x_wconf 91' lang='lat' dir='ltr'>ratione</span> 
     </span>
     <span class='ocr_line' id='line_1_5' title="bbox 114 578 2563 661; baseline 0.004 -20"><span class='ocrx_word' id='word_1_40' title='bbox 114 579 410 661; x_wconf 91' lang='lat' dir='ltr'>periodici</span> <span class='ocrx_word' id='word_1_41' title='bbox 466 579 780 658; x_wconf 79' lang='lat' dir='ltr'>temporis,</span> <span class='ocrx_word' id='word_1_42' title='bbox 904 578 1214 638; x_wconf 85' lang='lat' dir='ltr'>Dematur</span> <span class='ocrx_word' id='word_1_43' title='bbox 1267 578 1599 658; x_wconf 85' lang='lat' dir='ltr'>utrobique</span> <span class='ocrx_word' id='word_1_44' title='bbox 1654 579 2087 661; x_wconf 91' lang='lat' dir='ltr'>subduplicata</span> <span class='ocrx_word' id='word_1_45' title='bbox 2142 585 2299 647; x_wconf 88' lang='lat' dir='ltr'>ratio</span> <span class='ocrx_word' id='word_1_46' title='bbox 2355 586 2563 651; x_wconf 88' lang='lat' dir='ltr'>lateris</span> 
     </span>
     <span class='ocr_line' id='line_1_6' title="bbox 115 674 2564 759; baseline 0.004 -20"><span class='ocrx_word' id='word_1_47' title='bbox 115 678 280 750; x_wconf 93' lang='lat' dir='ltr'>recti,</span> <span class='ocrx_word' id='word_1_48' title='bbox 314 676 375 738; x_wconf 81' lang='lat' dir='ltr'>8c</span> <span class='ocrx_word' id='word_1_49' title='bbox 413 676 689 738; x_wconf 91' lang='lat' dir='ltr'>manebit</span> <span class='ocrx_word' id='word_1_50' title='bbox 726 674 1164 757; x_wconf 86' lang='lat' dir='ltr'>sesquiplicata</span> <span class='ocrx_word' id='word_1_51' title='bbox 1209 677 1366 739; x_wconf 91' lang='lat' dir='ltr'>ratio</span> <span class='ocrx_word' id='word_1_52' title='bbox 1408 678 1660 759; x_wconf 85' lang='lat' dir='ltr'>majoris</span> <span class='ocrx_word' id='word_1_53' title='bbox 1702 679 1837 740; x_wconf 87' lang='lat' dir='ltr'>axis</span> <span class='ocrx_word' id='word_1_54' title='bbox 1881 680 2103 742; x_wconf 93' lang='lat' dir='ltr'>eadem</span> <span class='ocrx_word' id='word_1_55' title='bbox 2146 703 2287 744; x_wconf 94' lang='lat' dir='ltr'>cum</span> <span class='ocrx_word' id='word_1_56' title='bbox 2326 686 2564 748; x_wconf 90' lang='lat' dir='ltr'>ratione</span> 
     </span>
     <span class='ocr_line' id='line_1_7' title="bbox 113 775 1126 856; baseline 0 -19"><span class='ocrx_word' id='word_1_57' title='bbox 113 775 409 856; x_wconf 92' lang='lat' dir='ltr'>periodici</span> <span class='ocrx_word' id='word_1_58' title='bbox 438 775 751 856; x_wconf 81' lang='lat' dir='ltr'>temporis,</span> <span class='ocrx_word' id='word_1_59' title='bbox 845 775 919 850; x_wconf 93' lang='lat' dir='ltr'>Q.</span> <span class='ocrx_word' id='word_1_60' title='bbox 943 776 1021 836; x_wconf 91' lang='lat' dir='ltr'>E.</span> <span class='ocrx_word' id='word_1_61' title='bbox 1041 776 1126 837; x_wconf 87' lang='lat' dir='ltr'>D.</span> 
     </span>
     <span class='ocr_line' id='line_1_8' title="bbox 118 866 2561 956; baseline 0.004 -22"><span class='ocrx_word' id='word_1_62' title='bbox 118 866 123 870; x_wconf 66' lang='grc'><strong>’</strong></span> <span class='ocrx_word' id='word_1_63' title='bbox 231 873 442 935; x_wconf 66' lang='lat' dir='ltr'><em>Corob&#39;</em></span> <span class='ocrx_word' id='word_1_64' title='bbox 474 873 639 934; x_wconf 89' lang='lat' dir='ltr'><strong>Sunt</strong></span> <span class='ocrx_word' id='word_1_65' title='bbox 689 873 877 955; x_wconf 87' lang='lat' dir='ltr'>igitur</span> <span class='ocrx_word' id='word_1_66' title='bbox 925 884 1209 953; x_wconf 92' lang='lat' dir='ltr'>tempora</span> <span class='ocrx_word' id='word_1_67' title='bbox 1259 874 1574 954; x_wconf 85' lang='lat' dir='ltr'><strong>periodica</strong></span> <span class='ocrx_word' id='word_1_68' title='bbox 1625 875 1687 935; x_wconf 95' lang='lat' dir='ltr'>in</span> <span class='ocrx_word' id='word_1_69' title='bbox 1739 873 2057 956; x_wconf 88' lang='lat' dir='ltr'>ellipsibus</span> <span class='ocrx_word' id='word_1_70' title='bbox 2108 879 2331 940; x_wconf 94' lang='lat' dir='ltr'>eadem</span> <span class='ocrx_word' id='word_1_71' title='bbox 2382 903 2455 943; x_wconf 93' lang='lat' dir='ltr'>ac</span> <span class='ocrx_word' id='word_1_72' title='bbox 2501 883 2561 943; x_wconf 93' lang='lat' dir='ltr'>in</span> 
     </span>
     <span class='ocr_line' id='line_1_9' title="bbox 115 972 2291 1056; baseline 0.002 -21"><span class='ocrx_word' id='word_1_73' title='bbox 115 972 366 1046; x_wconf 83' lang='lat' dir='ltr'>circuliS,</span> <span class='ocrx_word' id='word_1_74' title='bbox 398 993 662 1053; x_wconf 93' lang='lat' dir='ltr'>quorum</span> <span class='ocrx_word' id='word_1_75' title='bbox 691 972 976 1034; x_wconf 83' lang='lat' dir='ltr'>diametri</span> <span class='ocrx_word' id='word_1_76' title='bbox 1006 984 1333 1053; x_wconf 81' lang='lat' dir='ltr'>aequantur</span> <span class='ocrx_word' id='word_1_77' title='bbox 1361 974 1696 1055; x_wconf 87' lang='lat' dir='ltr'>majoribus</span> <span class='ocrx_word' id='word_1_78' title='bbox 1725 974 1946 1035; x_wconf 84' lang='lat' dir='ltr'>axibus</span> <span class='ocrx_word' id='word_1_79' title='bbox 1976 973 2291 1056; x_wconf 89' lang='lat' dir='ltr'>ellipseon.</span> 
     </span>
    </p>
   </div>
   <div class='ocr_carea' id='block_1_3' title="bbox 405 1258 2279 1325">
    <p class='ocr_par' dir='ltr' id='par_1_3' title="bbox 405 1258 2279 1325">
     <span class='ocr_line' id='line_1_10' title="bbox 405 1258 2279 1325; baseline 0.003 -6"><span class='ocrx_word' id='word_1_80' title='bbox 405 1258 1033 1321; x_wconf 90' lang='lat' dir='ltr'><strong>PROPOSITIO</strong></span> <span class='ocrx_word' id='word_1_81' title='bbox 1094 1259 1306 1321; x_wconf 90' lang='lat' dir='ltr'><strong>XVI.</strong></span> <span class='ocrx_word' id='word_1_82' title='bbox 1397 1260 1997 1323; x_wconf 88' lang='lat' dir='ltr'>THEOREMA</span> <span class='ocrx_word' id='word_1_83' title='bbox 2059 1262 2279 1325; x_wconf 91' lang='lat' dir='ltr'><strong>VIII.</strong></span> 
     </span>
    </p>
   </div>
   <div class='ocr_carea' id='block_1_4' title="bbox 27 1407 2567 1956">
    <p class='ocr_par' dir='ltr' id='par_1_4' title="bbox 27 1407 2567 1509">
     <span class='ocr_line' id='line_1_11' title="bbox 27 1407 2567 1509; baseline 0.002 -23"><span class='ocrx_word' id='word_1_84' title='bbox 27 1407 31 1411; x_wconf 80' lang='lat'>.</span> <span class='ocrx_word' id='word_1_85' title='bbox 63 1431 69 1437; x_wconf 82' lang='lat'>&#39;</span> <span class='ocrx_word' id='word_1_86' title='bbox 112 1424 339 1488; x_wconf 84' lang='lat' dir='ltr'><em>Iisdem</em></span> <span class='ocrx_word' id='word_1_87' title='bbox 373 1425 612 1505; x_wconf 75' lang='lat' dir='ltr'><em>positis,</em></span> <span class='ocrx_word' id='word_1_88' title='bbox 664 1427 746 1491; x_wconf 61' lang='grc' dir='ltr'>ὥ*</span> <span class='ocrx_word' id='word_1_89' title='bbox 789 1426 942 1487; x_wconf 91' lang='lat' dir='ltr'><em>actis</em></span> <span class='ocrx_word' id='word_1_90' title='bbox 984 1426 1077 1486; x_wconf 87' lang='lat' dir='ltr'>ad</span> <span class='ocrx_word' id='word_1_91' title='bbox 1115 1434 1370 1507; x_wconf 76' lang='lat' dir='ltr'><em>corpora</em></span> <span class='ocrx_word' id='word_1_92' title='bbox 1413 1427 1594 1488; x_wconf 89' lang='lat' dir='ltr'><em>lineis</em></span> <span class='ocrx_word' id='word_1_93' title='bbox 1635 1426 1827 1502; x_wconf 75' lang='lat' dir='ltr'><em>rectis,</em></span> <span class='ocrx_word' id='word_1_94' title='bbox 1864 1448 2002 1507; x_wconf 75' lang='lat' dir='ltr'>qna·</span> <span class='ocrx_word' id='word_1_95' title='bbox 2040 1426 2257 1487; x_wconf 84' lang='lat' dir='ltr'><em>ibidem</em></span> <span class='ocrx_word' id='word_1_96' title='bbox 2301 1436 2567 1509; x_wconf 77' lang='lat' dir='ltr'><em>tangant</em></span> 
     </span>
    </p>

    <p class='ocr_par' dir='ltr' id='par_1_5' title="bbox 127 1518 2562 1621">
     <span class='ocr_line' id='line_1_12' title="bbox 127 1518 2562 1621; baseline 0.002 -24"><span class='ocrx_word' id='word_1_97' title='bbox 127 1518 130 1519; x_wconf 24' lang='lat'><em>⁷</em></span> <span class='ocrx_word' id='word_1_98' title='bbox 194 1533 440 1613; x_wconf 71' lang='lat' dir='ltr'><em>orbitas,</em></span> <span class='ocrx_word' id='word_1_99' title='bbox 481 1536 863 1618; x_wconf 73' lang='lat' dir='ltr'>demissisque</span> <span class='ocrx_word' id='word_1_100' title='bbox 903 1538 982 1598; x_wconf 84' lang='lat' dir='ltr'>ab</span> <span class='ocrx_word' id='word_1_101' title='bbox 1024 1538 1303 1599; x_wconf 77' lang='lat' dir='ltr'>umbilico</span> <span class='ocrx_word' id='word_1_102' title='bbox 1344 1539 1654 1599; x_wconf 84' lang='lat' dir='ltr'><em>communi</em></span> <span class='ocrx_word' id='word_1_103' title='bbox 1689 1539 1781 1599; x_wconf 88' lang='lat' dir='ltr'>aa&#39;</span> <span class='ocrx_word' id='word_1_104' title='bbox 1814 1539 1928 1600; x_wconf 72' lang='lat' dir='ltr'><em>lias</em></span> <span class='ocrx_word' id='word_1_105' title='bbox 1970 1546 2278 1620; x_wconf 76' lang='lat' dir='ltr'><em>tangentes</em></span> <span class='ocrx_word' id='word_1_106' title='bbox 2303 1548 2562 1621; x_wconf 75' lang='lat' dir='ltr'>perpen-</span> 
     </span>
    </p>

    <p class='ocr_par' dir='ltr' id='par_1_6' title="bbox 192 1647 2564 1733">
     <span class='ocr_line' id='line_1_13' title="bbox 192 1647 2564 1733; baseline 0.003 -25"><span class='ocrx_word' id='word_1_107' title='bbox 192 1647 573 1710; x_wconf 82' lang='lat' dir='ltr'><em>dicularibus</em></span> <span class='ocrx_word' id='word_1_108' title='bbox 590 1675 610 1711; x_wconf 89' lang='lat'><em>:</em></span> <span class='ocrx_word' id='word_1_109' title='bbox 651 1649 782 1710; x_wconf 87' lang='lat' dir='ltr'><em>dico</em></span> <span class='ocrx_word' id='word_1_110' title='bbox 809 1648 975 1730; x_wconf 80' lang='lat' dir='ltr'><em>quod</em></span> <span class='ocrx_word' id='word_1_111' title='bbox 1002 1649 1331 1711; x_wconf 80' lang='lat' dir='ltr'><em>velocitates</em></span> <span class='ocrx_word' id='word_1_112' title='bbox 1357 1658 1680 1730; x_wconf 76' lang='lat' dir='ltr'>corporum</span> <span class='ocrx_word' id='word_1_113' title='bbox 1707 1658 1857 1712; x_wconf 84' lang='lat' dir='ltr'><em>sunt</em></span> <span class='ocrx_word' id='word_1_114' title='bbox 1883 1650 1952 1711; x_wconf 92' lang='lat' dir='ltr'><em>in</em></span> <span class='ocrx_word' id='word_1_115' title='bbox 1982 1652 2220 1712; x_wconf 75' lang='lat' dir='ltr'><em>ratione</em></span> <span class='ocrx_word' id='word_1_116' title='bbox 2244 1654 2564 1733; x_wconf 77' lang='lat' dir='ltr'><em>composita</em></span> 
     </span>
    </p>

    <p class='ocr_par' dir='ltr' id='par_1_7' title="bbox 191 1762 2563 1956">
     <span class='ocr_line' id='line_1_14' title="bbox 191 1762 2563 1844; baseline 0.003 -22"><span class='ocrx_word' id='word_1_117' title='bbox 191 1783 266 1822; x_wconf 83' lang='lat' dir='ltr'>ex</span> <span class='ocrx_word' id='word_1_118' title='bbox 288 1762 528 1823; x_wconf 78' lang='lat' dir='ltr'><em>ratione</em></span> <span class='ocrx_word' id='word_1_119' title='bbox 551 1763 1130 1844; x_wconf 74' lang='lat' dir='ltr'><em>perpendicularmn</em></span> <span class='ocrx_word' id='word_1_120' title='bbox 1172 1763 1420 1839; x_wconf 83' lang='lat' dir='ltr'><em>inverse,</em></span> <span class='ocrx_word' id='word_1_121' title='bbox 1457 1766 1539 1830; x_wconf 60' lang='grc' dir='ltr'>ὦ*</span> <span class='ocrx_word' id='word_1_122' title='bbox 1565 1764 1988 1844; x_wconf 80' lang='lat' dir='ltr'><em>subduplicata</em></span> <span class='ocrx_word' id='word_1_123' title='bbox 2018 1765 2258 1826; x_wconf 78' lang='lat' dir='ltr'><em>ratione</em></span> <span class='ocrx_word' id='word_1_124' title='bbox 2296 1768 2563 1828; x_wconf 77' lang='lat' dir='ltr'><em>laterum</em></span> 
     </span>
     <span class='ocr_line' id='line_1_15' title="bbox 194 1875 1248 1956; baseline 0.001 -21"><span class='ocrx_word' id='word_1_125' title='bbox 194 1881 494 1936; x_wconf 77' lang='lat' dir='ltr'>rectorum</span> <span class='ocrx_word' id='word_1_126' title='bbox 521 1875 981 1956; x_wconf 76' lang='lat' dir='ltr'><em>principalium</em></span> <span class='ocrx_word' id='word_1_127' title='bbox 1016 1875 1248 1937; x_wconf 86' lang='lat' dir='ltr'><em>directe.</em></span> 
     </span>
    </p>
   </div>
   <div class='ocr_carea' id='block_1_5' title="bbox 26 2039 1462 3008">
    <p class='ocr_par' dir='ltr' id='par_1_8' title="bbox 109 2039 1462 2417">
     <span class='ocr_line' id='line_1_16' title="bbox 223 2039 1462 2122; baseline 0.002 -22"><span class='ocrx_word' id='word_1_128' title='bbox 223 2040 334 2101; x_wconf 89' lang='lat' dir='ltr'>Ab</span> <span class='ocrx_word' id='word_1_129' title='bbox 378 2039 669 2102; x_wconf 89' lang='lat' dir='ltr'>umbilico</span> <span class='ocrx_word' id='word_1_130' title='bbox 714 2042 770 2101; x_wconf 99' lang='lat' dir='ltr'><em>S</em></span> <span class='ocrx_word' id='word_1_131' title='bbox 807 2042 891 2102; x_wconf 93' lang='lat' dir='ltr'>ad</span> <span class='ocrx_word' id='word_1_132' title='bbox 923 2054 1285 2122; x_wconf 73' lang='lat' dir='ltr'>tangentem</span> <span class='ocrx_word' id='word_1_133' title='bbox 1315 2043 1462 2103; x_wconf 83' lang='lat' dir='ltr'>PR</span> 
     </span>
     <span class='ocr_line' id='line_1_17' title="bbox 111 2138 1457 2219; baseline 0.002 -19"><span class='ocrx_word' id='word_1_134' title='bbox 111 2139 372 2200; x_wconf 84' lang='lat' dir='ltr'>demitte</span> <span class='ocrx_word' id='word_1_135' title='bbox 429 2138 940 2219; x_wconf 83' lang='lat' dir='ltr'>perpendiculum</span> <span class='ocrx_word' id='word_1_136' title='bbox 985 2141 1042 2200; x_wconf 93' lang='lat' dir='ltr'><em>S</em></span> <span class='ocrx_word' id='word_1_137' title='bbox 1067 2142 1136 2212; x_wconf 88' lang='grc' dir='ltr'>Υ,</span> <span class='ocrx_word' id='word_1_138' title='bbox 1186 2140 1247 2201; x_wconf 85' lang='lat'>&amp;</span> <span class='ocrx_word' id='word_1_139' title='bbox 1290 2139 1457 2203; x_wconf 90' lang='lat' dir='ltr'>velo-</span> 
     </span>
     <span class='ocr_line' id='line_1_18' title="bbox 109 2238 1455 2318; baseline 0 -19"><span class='ocrx_word' id='word_1_140' title='bbox 109 2239 262 2299; x_wconf 86' lang='lat' dir='ltr'>citas</span> <span class='ocrx_word' id='word_1_141' title='bbox 307 2239 582 2318; x_wconf 89' lang='lat' dir='ltr'>corporis</span> <span class='ocrx_word' id='word_1_142' title='bbox 625 2240 689 2298; x_wconf 85' lang='lat' dir='ltr'><em>P</em></span> <span class='ocrx_word' id='word_1_143' title='bbox 732 2239 848 2299; x_wconf 91' lang='lat' dir='ltr'>erit</span> <span class='ocrx_word' id='word_1_144' title='bbox 877 2239 1188 2318; x_wconf 89' lang='lat' dir='ltr'>reciproce</span> <span class='ocrx_word' id='word_1_145' title='bbox 1220 2238 1281 2299; x_wconf 91' lang='lat' dir='ltr'>in</span> <span class='ocrx_word' id='word_1_146' title='bbox 1313 2241 1455 2300; x_wconf 89' lang='lat' dir='ltr'>sub-</span> 
     </span>
     <span class='ocr_line' id='line_1_19' title="bbox 1226 2337 1442 2417; baseline 0.005 -21"><span class='ocrx_word' id='word_1_147' title='bbox 1226 2337 1283 2396; x_wconf 86' lang='lat' dir='ltr'><em>S</em></span> <span class='ocrx_word' id='word_1_148' title='bbox 1318 2339 1385 2397; x_wconf 98' lang='grc' dir='ltr'><em>Υ</em></span> <span class='ocrx_word' id='word_1_149' title='bbox 1402 2361 1442 2417; x_wconf 82' lang='lat' dir='ltr'><em>q</em></span> 
     </span>
    </p>

    <p class='ocr_par' dir='ltr' id='par_1_9' title="bbox 1303 2430 1452 2499">
     <span class='ocr_line' id='line_1_20' title="bbox 1303 2430 1452 2499; baseline 0 -57"><span class='ocrx_word' id='word_1_150' title='bbox 1303 2441 1366 2499; x_wconf 74' lang='lat' dir='ltr'><em>L</em></span> <span class='ocrx_word' id='word_1_151' title='bbox 1441 2430 1452 2442; x_wconf 92' lang='lat'><strong><em>.</em></strong></span> 
     </span>
    </p>

    <p class='ocr_par' dir='ltr' id='par_1_10' title="bbox 114 2537 1453 2619">
     <span class='ocr_line' id='line_1_21' title="bbox 114 2537 1453 2619; baseline -0.001 -19"><span class='ocrx_word' id='word_1_152' title='bbox 114 2539 283 2600; x_wconf 94' lang='lat' dir='ltr'>Nam</span> <span class='ocrx_word' id='word_1_153' title='bbox 313 2537 609 2601; x_wconf 87' lang='lat' dir='ltr'>velocitas</span> <span class='ocrx_word' id='word_1_154' title='bbox 657 2538 759 2599; x_wconf 92' lang='lat' dir='ltr'>illa</span> <span class='ocrx_word' id='word_1_155' title='bbox 803 2551 900 2599; x_wconf 86' lang='lat' dir='ltr'>est</span> <span class='ocrx_word' id='word_1_156' title='bbox 944 2551 1012 2599; x_wconf 94' lang='lat' dir='ltr'>ut</span> <span class='ocrx_word' id='word_1_157' title='bbox 1049 2560 1225 2599; x_wconf 88' lang='lat' dir='ltr'>arcus</span> <span class='ocrx_word' id='word_1_158' title='bbox 1267 2560 1453 2619; x_wconf 92' lang='lat' dir='ltr'>quarn</span> 
     </span>
    </p>

    <p class='ocr_par' dir='ltr' id='par_1_11' title="bbox 110 2636 1452 2717">
     <span class='ocr_line' id='line_1_22' title="bbox 110 2636 1452 2717; baseline -0.001 -18"><span class='ocrx_word' id='word_1_159' title='bbox 110 2637 399 2699; x_wconf 86' lang='lat' dir='ltr'>minimus</span> <span class='ocrx_word' id='word_1_160' title='bbox 442 2638 507 2697; x_wconf 84' lang='lat' dir='ltr'><em>P</em></span> <span class='ocrx_word' id='word_1_161' title='bbox 530 2636 587 2711; x_wconf 95' lang='lat' dir='ltr'><em>Q</em></span> <span class='ocrx_word' id='word_1_162' title='bbox 631 2636 692 2696; x_wconf 92' lang='lat' dir='ltr'>in</span> <span class='ocrx_word' id='word_1_163' title='bbox 737 2637 885 2697; x_wconf 93' lang='lat' dir='ltr'>data</span> <span class='ocrx_word' id='word_1_164' title='bbox 925 2637 1223 2717; x_wconf 87' lang='lat' dir='ltr'>temporis</span> <span class='ocrx_word' id='word_1_165' title='bbox 1267 2638 1452 2716; x_wconf 93' lang='lat' dir='ltr'>parti-</span> 
     </span>
    </p>

    <p class='ocr_par' dir='ltr' id='par_1_12' title="bbox 110 2734 1450 2819">
     <span class='ocr_line' id='line_1_23' title="bbox 110 2734 1450 2819; baseline -0.001 -23"><span class='ocrx_word' id='word_1_166' title='bbox 110 2734 246 2796; x_wconf 92' lang='lat' dir='ltr'>cula</span> <span class='ocrx_word' id='word_1_167' title='bbox 280 2735 640 2815; x_wconf 76' lang='lat' dir='ltr'>descriptu3‚</span> <span class='ocrx_word' id='word_1_168' title='bbox 674 2734 791 2796; x_wconf 92' lang='lat' dir='ltr'>hoc</span> <span class='ocrx_word' id='word_1_169' title='bbox 829 2748 926 2796; x_wconf 88' lang='lat' dir='ltr'>est</span> <span class='ocrx_word' id='word_1_170' title='bbox 977 2734 1114 2817; x_wconf 79' lang='lat' dir='ltr'>(per</span> <span class='ocrx_word' id='word_1_171' title='bbox 1150 2734 1288 2796; x_wconf 91' lang='lat' dir='ltr'>lem.</span> <span class='ocrx_word' id='word_1_172' title='bbox 1320 2734 1450 2819; x_wconf 88' lang='lat' dir='ltr'><strong>VII.)</strong></span> 
     </span>
    </p>

    <p class='ocr_par' dir='ltr' id='par_1_13' title="bbox 26 2833 1454 3008">
     <span class='ocr_line' id='line_1_24' title="bbox 109 2833 1450 2918; baseline -0.001 -24"><span class='ocrx_word' id='word_1_173' title='bbox 109 2845 180 2895; x_wconf 91' lang='lat' dir='ltr'>ut</span> <span class='ocrx_word' id='word_1_174' title='bbox 220 2845 486 2918; x_wconf 87' lang='lat' dir='ltr'>tangens</span> <span class='ocrx_word' id='word_1_175' title='bbox 515 2834 676 2905; x_wconf 83' lang='lat' dir='ltr'>PR,</span> <span class='ocrx_word' id='word_1_176' title='bbox 710 2833 773 2894; x_wconf 92' lang='lat' dir='ltr'>id</span> <span class='ocrx_word' id='word_1_177' title='bbox 805 2846 914 2905; x_wconf 86' lang='lat' dir='ltr'>est,</span> <span class='ocrx_word' id='word_1_178' title='bbox 948 2834 1030 2894; x_wconf 94' lang='lat' dir='ltr'>ob</span> <span class='ocrx_word' id='word_1_179' title='bbox 1060 2834 1450 2914; x_wconf 91' lang='lat' dir='ltr'>proportion-</span> 
     </span>
     <span class='ocr_line' id='line_1_25' title="bbox 26 2929 1454 3008; baseline 0.001 -16"><span class='ocrx_word' id='word_1_180' title='bbox 26 2929 237 2993; x_wconf 79' lang='lat' dir='ltr'>-ales</span> <span class='ocrx_word' id='word_1_181' title='bbox 282 2933 429 2992; x_wconf 88' lang='lat' dir='ltr'>PR</span> <span class='ocrx_word' id='word_1_182' title='bbox 473 2932 554 2993; x_wconf 95' lang='lat' dir='ltr'>ad</span> <span class='ocrx_word' id='word_1_183' title='bbox 604 2932 855 3008; x_wconf 82' lang='lat' dir='ltr'>QT&amp;</span> <span class='ocrx_word' id='word_1_184' title='bbox 902 2933 1155 2993; x_wconf 89' lang='lat' dir='ltr'>SPad</span> <span class='ocrx_word' id='word_1_185' title='bbox 1200 2934 1454 3005; x_wconf 71' lang='lat' dir='ltr'>SKut</span> 
     </span>
    </p>
   </div>
   <div class='ocr_carea' id='block_1_6' title="bbox 112 3030 2561 3162">
    <p class='ocr_par' dir='ltr' id='par_1_14' title="bbox 112 3030 2561 3162">
     <span class='ocr_line' id='line_1_26' title="bbox 112 3030 2561 3162; baseline 0.02 -34"><span class='ocrx_word' id='word_1_186' title='bbox 112 3030 385 3106; x_wconf 67' lang='lat' dir='ltr'>SPXQ</span> <span class='ocrx_word' id='word_1_187' title='bbox 417 3031 485 3153; x_wconf 75' lang='lat' dir='ltr'>T,</span> <span class='ocrx_word' id='word_1_188' title='bbox 538 3081 673 3142; x_wconf 88' lang='lat' dir='ltr'>sive</span> <span class='ocrx_word' id='word_1_189' title='bbox 730 3094 800 3142; x_wconf 89' lang='lat' dir='ltr'>ut</span> <span class='ocrx_word' id='word_1_190' title='bbox 862 3082 919 3142; x_wconf 92' lang='lat' dir='ltr'><em>S</em></span> <span class='ocrx_word' id='word_1_191' title='bbox 946 3082 1014 3142; x_wconf 91' lang='grc' dir='ltr'><em>Υ</em></span> <span class='ocrx_word' id='word_1_192' title='bbox 1061 3081 1372 3162; x_wconf 92' lang='lat' dir='ltr'>reciproce</span> <span class='ocrx_word' id='word_1_193' title='bbox 1432 3081 1493 3142; x_wconf 84' lang='lat'>&amp;</span> <span class='ocrx_word' id='word_1_194' title='bbox 1552 3082 1609 3142; x_wconf 89' lang='lat' dir='ltr'><em>S</em></span> <span class='ocrx_word' id='word_1_195' title='bbox 1619 3083 1683 3142; x_wconf 84' lang='lat' dir='ltr'><em>P</em></span> <span class='ocrx_word' id='word_1_196' title='bbox 1722 3102 1762 3143; x_wconf 89' lang='lat'>&gt;&lt;</span> <span class='ocrx_word' id='word_1_197' title='bbox 1804 3082 1861 3157; x_wconf 77' lang='lat' dir='ltr'><em>Q</em></span> <span class='ocrx_word' id='word_1_198' title='bbox 1894 3082 1957 3142; x_wconf 81' lang='lat' dir='ltr'><em>T</em></span> <span class='ocrx_word' id='word_1_199' title='bbox 2003 3082 2269 3155; x_wconf 90' lang='lat' dir='ltr'>directe;</span> <span class='ocrx_word' id='word_1_200' title='bbox 2342 3094 2561 3162; x_wconf 66' lang='lat' dir='ltr'>estque</span> 
     </span>
    </p>
   </div>
   <div class='ocr_carea' id='block_1_7' title="bbox 1229 2422 1435 2428">
    <p class='ocr_par' dir='ltr' id='par_1_15' title="bbox 1229 2422 1435 2428">
     <span class='ocr_line' id='line_1_27' title="bbox 1229 2422 1435 2428; baseline 0 0"><span class='ocrx_word' id='word_1_201' title='bbox 1229 2422 1435 2428; x_wconf 95' lang='lat' dir='ltr'> </span> 
     </span>
    </p>
   </div>
   <div class='ocr_carea' id='block_1_8' title="bbox 110 2385 1166 2468">
    <p class='ocr_par' dir='ltr' id='par_1_16' title="bbox 110 2385 1166 2468">
     <span class='ocr_line' id='line_1_28' title="bbox 110 2385 1166 2468; baseline -0.002 -20"><span class='ocrx_word' id='word_1_202' title='bbox 110 2385 424 2468; x_wconf 90' lang='lat' dir='ltr'>duplicata</span> <span class='ocrx_word' id='word_1_203' title='bbox 494 2387 732 2448; x_wconf 91' lang='lat' dir='ltr'>ratione</span> <span class='ocrx_word' id='word_1_204' title='bbox 805 2387 1166 2467; x_wconf 85' lang='lat' dir='ltr'>quantitatis</span> 
     </span>
    </p>
   </div>
   <div class='ocr_carea' id='block_1_9' title="bbox 1513 2044 2561 2972">
    <p class='ocr_par' dir='ltr' id='par_1_17' title="bbox 1513 2044 2561 2972">
     <span class='ocr_line' id='line_1_29' title="bbox 1513 2044 2561 2972; baseline 0 0"><span class='ocrx_word' id='word_1_205' title='bbox 1513 2044 2561 2972; x_wconf 95' lang='lat' dir='ltr'> </span> 
     </span>
    </p>
   </div>
   <div class='ocr_carea' id='block_1_10' title="bbox 114 3115 462 3124">
    <p class='ocr_par' dir='ltr' id='par_1_18' title="bbox 114 3115 462 3124">
     <span class='ocr_line' id='line_1_30' title="bbox 114 3115 462 3124; baseline 0 1100"><span class='ocrx_word' id='word_1_206' title='bbox 114 3115 462 3124; x_wconf 95' lang='lat' dir='ltr'> </span> 
     </span>
    </p>
   </div>
   <div class='ocr_carea' id='block_1_11' title="bbox 112 3134 2559 3512">
    <p class='ocr_par' dir='ltr' id='par_1_19' title="bbox 112 3134 2554 3412">
     <span class='ocr_line' id='line_1_31' title="bbox 220 3134 369 3194; baseline 0 0"><span class='ocrx_word' id='word_1_207' title='bbox 220 3134 279 3194; x_wconf 91' lang='lat' dir='ltr'><em>S</em></span> <span class='ocrx_word' id='word_1_208' title='bbox 301 3135 369 3194; x_wconf 89' lang='grc' dir='ltr'><em>Υ</em></span> 
     </span>
     <span class='ocr_line' id='line_1_32' title="bbox 112 3231 2554 3316; baseline 0.001 -24"><span class='ocrx_word' id='word_1_209' title='bbox 112 3231 168 3292; x_wconf 92' lang='lat' dir='ltr'><em>S</em></span> <span class='ocrx_word' id='word_1_210' title='bbox 180 3232 247 3292; x_wconf 83' lang='lat' dir='ltr'><em>P</em></span> <span class='ocrx_word' id='word_1_211' title='bbox 282 3252 324 3294; x_wconf 91' lang='lat'>&gt;&lt;</span> <span class='ocrx_word' id='word_1_212' title='bbox 365 3233 422 3308; x_wconf 95' lang='lat' dir='ltr'><em>Q</em></span> <span class='ocrx_word' id='word_1_213' title='bbox 459 3234 523 3294; x_wconf 90' lang='lat' dir='ltr'><em>T</em></span> <span class='ocrx_word' id='word_1_214' title='bbox 554 3247 624 3295; x_wconf 92' lang='lat' dir='ltr'>ut</span> <span class='ocrx_word' id='word_1_215' title='bbox 672 3256 818 3295; x_wconf 92' lang='lat' dir='ltr'>area</span> <span class='ocrx_word' id='word_1_216' title='bbox 867 3234 1017 3296; x_wconf 91' lang='lat' dir='ltr'>dato</span> <span class='ocrx_word' id='word_1_217' title='bbox 1064 3248 1345 3315; x_wconf 94' lang='lat' dir='ltr'>tempore</span> <span class='ocrx_word' id='word_1_218' title='bbox 1392 3234 1719 3315; x_wconf 88' lang='lat' dir='ltr'>descripta,</span> <span class='ocrx_word' id='word_1_219' title='bbox 1762 3235 1826 3295; x_wconf 92' lang='lat' dir='ltr'>id</span> <span class='ocrx_word' id='word_1_220' title='bbox 1874 3247 1970 3296; x_wconf 89' lang='lat' dir='ltr'>est</span> <span class='ocrx_word' id='word_1_221' title='bbox 2019 3235 2154 3316; x_wconf 91' lang='lat' dir='ltr'>(per</span> <span class='ocrx_word' id='word_1_222' title='bbox 2193 3257 2367 3315; x_wconf 90' lang='lat' dir='ltr'>prop.</span> <span class='ocrx_word' id='word_1_223' title='bbox 2402 3234 2554 3315; x_wconf 88' lang='lat' dir='ltr'><strong>XIV.)</strong></span> 
     </span>
     <span class='ocr_line' id='line_1_33' title="bbox 112 3329 1714 3412; baseline 0.003 -22"><span class='ocrx_word' id='word_1_224' title='bbox 112 3329 173 3390; x_wconf 93' lang='lat' dir='ltr'>in</span> <span class='ocrx_word' id='word_1_225' title='bbox 203 3330 632 3412; x_wconf 88' lang='lat' dir='ltr'>subduplicata</span> <span class='ocrx_word' id='word_1_226' title='bbox 662 3334 898 3395; x_wconf 93' lang='lat' dir='ltr'>ratione</span> <span class='ocrx_word' id='word_1_227' title='bbox 928 3332 1136 3394; x_wconf 86' lang='lat' dir='ltr'>lateris</span> <span class='ocrx_word' id='word_1_228' title='bbox 1167 3334 1333 3395; x_wconf 89' lang='lat' dir='ltr'>recti.</span> <span class='ocrx_word' id='word_1_229' title='bbox 1429 3334 1502 3409; x_wconf 94' lang='lat' dir='ltr'>Q.</span> <span class='ocrx_word' id='word_1_230' title='bbox 1526 3335 1607 3395; x_wconf 84' lang='lat' dir='ltr'>E.</span> <span class='ocrx_word' id='word_1_231' title='bbox 1631 3335 1714 3395; x_wconf 88' lang='lat' dir='ltr'>D.</span> 
     </span>
    </p>

    <p class='ocr_par' dir='ltr' id='par_1_20' title="bbox 227 3429 2559 3512">
     <span class='ocr_line' id='line_1_34' title="bbox 227 3429 2559 3512; baseline 0 -23"><span class='ocrx_word' id='word_1_232' title='bbox 227 3429 422 3491; x_wconf 78' lang='lat' dir='ltr'><em>Corol.</em></span> <span class='ocrx_word' id='word_1_233' title='bbox 467 3451 512 3492; x_wconf 94' lang='lat'>1.</span> <span class='ocrx_word' id='word_1_234' title='bbox 565 3432 793 3492; x_wconf 91' lang='lat' dir='ltr'>Latera</span> <span class='ocrx_word' id='word_1_235' title='bbox 843 3445 1011 3492; x_wconf 91' lang='lat' dir='ltr'>recta</span> <span class='ocrx_word' id='word_1_236' title='bbox 1069 3431 1430 3512; x_wconf 91' lang='lat' dir='ltr'>principalia</span> <span class='ocrx_word' id='word_1_237' title='bbox 1487 3446 1634 3493; x_wconf 85' lang='lat' dir='ltr'>sunt</span> <span class='ocrx_word' id='word_1_238' title='bbox 1685 3432 1746 3492; x_wconf 94' lang='lat' dir='ltr'>in</span> <span class='ocrx_word' id='word_1_239' title='bbox 1797 3432 2036 3492; x_wconf 92' lang='lat' dir='ltr'>ratione</span> <span class='ocrx_word' id='word_1_240' title='bbox 2088 3431 2431 3511; x_wconf 88' lang='lat' dir='ltr'>composita</span> <span class='ocrx_word' id='word_1_241' title='bbox 2480 3452 2559 3491; x_wconf 85' lang='lat' dir='ltr'>ex</span> 
     </span>
    </p>
   </div>
   <div class='ocr_carea' id='block_1_12' title="bbox 111 3525 2556 3686">
    <p class='ocr_par' dir='ltr' id='par_1_21' title="bbox 111 3525 2556 3686">
     <span class='ocr_line' id='line_1_35' title="bbox 111 3525 2556 3614; baseline 0.002 -28"><span class='ocrx_word' id='word_1_242' title='bbox 111 3525 421 3607; x_wconf 89' lang='lat' dir='ltr'>duplicata</span> <span class='ocrx_word' id='word_1_243' title='bbox 476 3530 714 3591; x_wconf 90' lang='lat' dir='ltr'>ratione</span> <span class='ocrx_word' id='word_1_244' title='bbox 785 3529 1382 3610; x_wconf 89' lang='lat' dir='ltr'>perpendiculorum,</span> <span class='ocrx_word' id='word_1_245' title='bbox 1445 3529 1507 3591; x_wconf 85' lang='lat'>&amp;</span> <span class='ocrx_word' id='word_1_246' title='bbox 1573 3529 1903 3614; x_wconf 18' lang='lat' dir='ltr'>duplicata,</span> <span class='ocrx_word' id='word_1_247' title='bbox 1958 3531 2197 3591; x_wconf 90' lang='lat' dir='ltr'>ratione</span> <span class='ocrx_word' id='word_1_248' title='bbox 2269 3528 2556 3590; x_wconf 89' lang='lat' dir='ltr'>velocita-</span> 
     </span>
     <span class='ocr_line' id='line_1_36' title="bbox 111 3635 259 3686; baseline 0.014 -2"><span class='ocrx_word' id='word_1_249' title='bbox 111 3635 259 3686; x_wconf 81' lang='lat' dir='ltr'>tum.</span> 
     </span>
    </p>
   </div>
   <div class='ocr_carea' id='block_1_13' title="bbox 112 3723 2555 3906">
    <p class='ocr_par' dir='ltr' id='par_1_22' title="bbox 112 3723 2555 3906">
     <span class='ocr_line' id='line_1_37' title="bbox 231 3723 2555 3807; baseline 0 -23"><span class='ocrx_word' id='word_1_250' title='bbox 231 3723 425 3786; x_wconf 83' lang='lat' dir='ltr'><em>Corol.</em></span> <span class='ocrx_word' id='word_1_251' title='bbox 474 3745 530 3787; x_wconf 88' lang='lat'>2.</span> <span class='ocrx_word' id='word_1_252' title='bbox 602 3724 985 3789; x_wconf 89' lang='lat' dir='ltr'>Velocitates</span> <span class='ocrx_word' id='word_1_253' title='bbox 1030 3749 1374 3807; x_wconf 89' lang='lat' dir='ltr'>corporum,</span> <span class='ocrx_word' id='word_1_254' title='bbox 1406 3728 1470 3789; x_wconf 93' lang='lat' dir='ltr'>in</span> <span class='ocrx_word' id='word_1_255' title='bbox 1516 3727 1802 3788; x_wconf 86' lang='lat' dir='ltr'>maximis</span> <span class='ocrx_word' id='word_1_256' title='bbox 1847 3726 1908 3787; x_wconf 86' lang='lat'>&amp;</span> <span class='ocrx_word' id='word_1_257' title='bbox 1950 3726 2220 3786; x_wconf 90' lang='lat' dir='ltr'>minimis</span> <span class='ocrx_word' id='word_1_258' title='bbox 2250 3726 2330 3785; x_wconf 95' lang='lat' dir='ltr'>ab</span> <span class='ocrx_word' id='word_1_259' title='bbox 2360 3725 2555 3784; x_wconf 93' lang='lat' dir='ltr'>umbi-</span> 
     </span>
     <span class='ocr_line' id='line_1_38' title="bbox 112 3816 2554 3906; baseline 0.001 -27"><span class='ocrx_word' id='word_1_260' title='bbox 112 3816 230 3881; x_wconf 92' lang='lat' dir='ltr'>lico</span> <span class='ocrx_word' id='word_1_261' title='bbox 259 3824 569 3884; x_wconf 91' lang='lat' dir='ltr'>communi</span> <span class='ocrx_word' id='word_1_262' title='bbox 599 3824 923 3897; x_wconf 83' lang='lat' dir='ltr'>distantiiS‚</span> <span class='ocrx_word' id='word_1_263' title='bbox 956 3838 1102 3886; x_wconf 89' lang='lat' dir='ltr'>sunt</span> <span class='ocrx_word' id='word_1_264' title='bbox 1146 3827 1207 3886; x_wconf 91' lang='lat' dir='ltr'>in</span> <span class='ocrx_word' id='word_1_265' title='bbox 1255 3826 1492 3887; x_wconf 91' lang='lat' dir='ltr'>ratione</span> <span class='ocrx_word' id='word_1_266' title='bbox 1536 3826 1880 3906; x_wconf 88' lang='lat' dir='ltr'>composita</span> <span class='ocrx_word' id='word_1_267' title='bbox 1924 3846 2003 3885; x_wconf 89' lang='lat' dir='ltr'>ex</span> <span class='ocrx_word' id='word_1_268' title='bbox 2045 3825 2283 3884; x_wconf 86' lang='lat' dir='ltr'>ratione</span> <span class='ocrx_word' id='word_1_269' title='bbox 2325 3823 2554 3883; x_wconf 89' lang='lat' dir='ltr'>distan-</span> 
     </span>
    </p>
   </div>
  </div>
 </body>
</html>
