2852 4250
187 142 218 182 2
236 125 309 182 16
1001 122 1123 178 DE¹
1150 121 1388 172 MOTU
1420 121 1726 173 CORPOR
1739 121 1862 172 ΠΜ

476 288 1117 351 PROPOSITIO
1198 288 1404 354 XCI.
1505 286 2080 352 PROBLEMA
2163 288 2401 354 XLV.

178 445 478 507 Invenzre
523 445 956 507 attractzonem
1006 443 1359 525 corpusculz
1397 442 1513 505 sztz‘
1554 465 1624 504 m
1670 463 1786 503 axe
1830 441 2022 504 solz'dz
2052 444 2339 521 rotundi,
2377 445 2473 508 ad
2509 447 2690 530 cujus

250 552 499 626 puncta
554 545 828 627 szngula
887 545 1156 606 tendunt
1211 566 1373 605 vzres
1440 543 1702 625 aequales
1771 542 2125 624 centrz'petce
2177 567 2249 607 zn
2320 568 2691 655 quacunque

265 645 726 707 distantiarum
758 646 1002 707 ratzone
1026 644 1429 706 decrescentes.

299 799 374 859 In
420 796 693 860 solidum
733 798 899 859 DE
920 799 978 859 C
996 799 1057 859 G
1101 797 1391 858 trahatur
1434 796 1877 879 corpusculum
1922 799 2002 873 Ρ,
2036 799 2227 862 situm
2273 802 2337 864 in
2384 804 2520 888 ejus
2565 828 2686 883 axe

175 898 247 959 A
269 899 347 961 B.
444 896 696 960 Circulo
741 897 1028 979 quolibet
1070 898 1229 958 RF
1239 898 1297 958 S
1338 897 1423 959 ad

175 998 342 1059 hunc
386 1020 573 1059 axem
619 996 1124 1079 perpendiculari
1172 1011 1424 1059 secetur

172 1097 292 1159 hoc
322 1096 611 1171 solidum,
648 1097 710 1159 &
741 1099 803 1159 in
837 1099 974 1181 ejus
1012 1098 1417 1160 semidiame-

172 1210 269 1259 tro
298 1199 371 1258 F
380 1199 447 1271 S,
482 1199 545 1259 in
577 1196 769 1279 plano
801 1197 1016 1280 aliquo
1045 1200 1180 1260 PA
1197 1201 1353 1261 LK
1353 1201 1421 1261 B

170 1318 286 1377 per
315 1320 501 1359 axem
534 1312 920 1373 transeunte,
956 1300 1243 1381 capiatur
1283 1302 1421 1382 (per

168 1419 345 1479 prop.
396 1397 502 1482 xc)
565 1392 898 1483 longitudo
956 1402 1028 1461 F
1034 1401 1118 1462 K
1162 1401 1243 1474 vi,
1292 1423 1420 1483 qua

168 1497 610 1578 corpusculum
653 1501 720 1561 Ρ
779 1501 842 1562 in
898 1499 1197 1562 circulum
1244 1500 1418 1562 illum

166 1598 515 1673 attrahitur,
562 1600 1065 1682 proportionalis,
1162 1602 1422 1684 Tangat

166 1710 379 1759 autem
410 1713 716 1780 punctum
762 1703 843 1762 K
881 1725 1140 1764 curvam
1186 1701 1419 1764 lineam

165 1799 363 1872 LKJ,
390 1799 595 1881 planis
628 1803 1009 1865 extimorum
1042 1803 1416 1866 circulorum

165 1899 235 1959 A
260 1900 321 1960 L
373 1899 434 1961 &
463 1901 530 1961 B
548 1903 598 1962 l
634 1918 1070 1966 occurrentem
1105 1906 1167 1966 in
1200 1906 1261 1966 L
1313 1905 1375 1966 &
1404 1906 1489 1978 l‚·
1537 1905 1598 1967 &
1630 1907 1749 1968 erit
1793 1908 2086 1970 attractio
2118 1909 2474 1993 corpusculi
2506 1913 2572 1974 Ρ
2616 1913 2679 1975 in

163 1997 438 2061 solidum
485 2014 556 2063 ut
600 2024 748 2065 area
778 2005 838 2065 L
861 2005 931 2066 A
955 2006 1096 2069 BJ.
1195 2007 1270 2083 Q.
1295 2007 1378 2069 E.
1404 2008 1459 2071 l.

282 2099 484 2163 Corol.
575 2123 621 2166 1.
704 2104 903 2167 Unde
968 2107 1020 2168 si
1096 2106 1370 2169 solidum

162 2198 482 2281 cylindrus
583 2204 681 2277 sit,
773 2190 1371 2291 p'arallelogrammo

160 2301 230 2361 A
254 2302 415 2362 DE
429 2303 497 2363 B
541 2304 704 2366 circa
749 2328 938 2368 axem
967 2310 1038 2369 A
1062 2310 1130 2370 B
1165 2309 1368 2373 revol-

159 2413 270 2462 uto
300 2401 672 2484 descriptus,
708 2405 770 2467 &
800 2407 969 2469 vires
1001 2410 1370 2491 centripetae

160 2500 223 2560 in
268 2501 519 2614 singula
564 2505 702 2587 ejus
748 2521 985 2587 puncta
1030 2511 1369 2573 tendentes

158 2600 286 2662 sint
316 2603 634 2684 reciproce
666 2619 738 2667 ut
783 2609 1095 2690 quadrata
1130 2612 1367 2674 distan-

158 2701 387 2763 tiarum
441 2726 480 2764 a
538 2708 833 2785 punctis:
901 2711 1020 2772 erit
1079 2714 1371 2776 attractio

161 2802 513 2882 corpusculi
561 2806 627 2865 Ρ
676 2807 738 2868 in
794 2808 961 2872 hunc
1015 2800 1369 2892 cylindrum

151 2902 492 2963 UtAB-
504 2905 907 2975 PE÷PD,
1008 2910 1181 2974 Nam
1205 2915 1369 2977 ordi·
1843 2911 1918 2970 Lis

158 3051 355 3112 natim
388 3051 712 3134 applicata
740 3059 813 3119 F
819 3046 903 3121 K
935 3060 1076 3145 (per
1119 3064 1304 3129 corol.
1363 3088 1386 3128 1
1439 3090 1622 3151 prop.
1666 3067 1773 3152 xc)
1818 3069 1938 3131 erit
1967 3082 2038 3131 ut
2078 3019 2393 3186 Ι-ΞΞ.
2455 3068 2672 3153 Hujus

155 3214 303 3274 pars
379 3214 401 3254 1
484 3194 676 3257 ducta
749 3198 812 3260 in
887 3200 1351 3288 longitudinem
1424 3211 1496 3271 A
1519 3212 1600 3284 B,
1677 3210 1981 3272 describit
2052 3233 2268 3273 aream
2350 3232 2374 3272 1
2407 3211 2542 3273 ><A
2565 3211 2666 3275 B.
2658 3238 2673 3252 ·

792 3288 958 3349 PF

157 3329 220 3391 &
291 3352 440 3412 pars
513 3329 712 3395 altera
1055 3343 1247 3407 ducta
1363 3347 1427 3408 in
1516 3346 1979 3431 longitudinem
2082 3349 2149 3410 Ρ
2181 3350 2263 3423 Β,
2350 3349 2671 3412 describit

153 3522 367 3563 aream
452 3524 475 3563 1
559 3509 623 3571 in
712 3509 948 3569 PE-
967 3512 1128 3574 DA
1214 3515 1304 3599 (id
1393 3518 1568 3599 quod
1657 3540 1739 3580 ex
1849 3542 2062 3581 curvae
2150 3521 2213 3581 L
2246 3521 2330 3582 K
2349 3521 2402 3582 I
2511 3543 2664 3604 qua-

150 3600 409 3665 dratura
481 3606 664 3672 facile
752 3612 1004 3673 ostendi
1078 3616 1356 3698 potest);
1440 3619 1502 3680 &
1590 3618 1878 3682 similiter
1950 3642 2097 3701 pars
2172 3620 2399 3683 eadem
2474 3622 2667 3685 ducta

150 3700 214 3761 in
277 3700 742 3787 longitudinem
802 3713 868 3772 Ρ
884 3713 955 3773 Α
1021 3714 1324 3779 describit
1381 3741 1595 3782 aream
1665 3743 1687 3783 1
1758 3722 1822 3783 in
1885 3725 2118 3786 ΡΒ-
2131 3726 2202 3786 A
2224 3727 2311 3799 D,
2345 3722 2665 3805 ductaque

147 3801 211 3863 in
244 3802 525 3885 ipsarum
555 3811 709 3885 PB,
742 3813 885 3874 PA
938 3813 1360 3880 differentiam
1392 3821 1543 3882 AB
1586 3821 1889 3887 describit
1918 3848 2209 3888 arearum
2239 3826 2661 3889 differentiam

156 3922 176 3960 1
262 3906 326 3968 in
406 3914 637 3975 PE—
648 3917 714 3977 P
730 3917 816 3977 D
952 3914 1057 3977 De
1124 3930 1425 3982 contento
1484 3920 1691 4002 primo
1762 3945 1782 3984 1
1817 3926 1951 3986 ><A
1983 3927 2051 3988 B
2122 3926 2444 3989 auferatur
2515 3948 2661 3990 con-
