2846 4250
1142 133 1146 137 ’
1179 123 1418 173 LIBER
1457 124 1794 175 TERTIUS.
2575 125 2696 199 485

541 421 1169 512 PROPOSITIO
1246 450 1407 512 XL.
1534 450 2142 533 THEoREMA
2222 452 2394 512 xx.
2495 505 2498 508 Α

346 644 645 705 .Cometas
685 643 755 704 in
796 643 1147 706 sectionibus
1187 644 1404 706 conicis
1451 645 1761 707 umbilicos
1802 646 1872 708 in
1915 655 2113 707 centro
2154 646 2295 706 solis
2349 644 2697 706 habentibus

258 756 495 828 moveri,
560 756 642 821 ἐπ’
697 755 898 817 radiis·
952 755 1044 816 ad
1089 757 1269 818 solem
1325 755 1521 818 ductis
1574 779 1751 819 areas
1808 759 2168 840 temporibus
2209 756 2700 838 proportionales

257 867 590 929 describere.
1588 862 1590 865 ’

379 1061 560 1122 Patet
602 1082 717 1141 per
758 1059 941 1124 corol.
985 1082 1006 1122 1
1059 1083 1232 1143 prop.
1269 1083 1387 1124 xm
1424 1061 1561 1124 libri
1601 1063 1783 1144 primi
1820 1062 2109 1126 collatum
2153 1084 2293 1124 cum
2337 1083 2510 1143 prop.
2558 1079 2689 1132 vm,

263 1178 356 1219 ΧΠ
388 1158 448 1220 8ῑ
479 1178 597 1219 xm
628 1157 768 1220 libri
799 1160 977 1222 tertii.

287 1262 290 1265 ’
352 1257 553 1318 Corol.
598 1278 645 1318 1.
702 1257 874 1318 Hinc
916 1258 970 1318 si
1015 1271 1275 1319 cometae
1321 1259 1383 1320 in
1428 1260 1644 1321 orbem
1685 1260 1963 1332 redeunt,
2009 1259 2191 1320 orbes
2236 1270 2418 1318 erunt
2459 1254 2707 1335 ellipses

264 1353 326 1414 &
355 1366 638 1434 tempora
666 1354 1193 1434 periodicaerunt
1221 1357 1301 1416 ad
1332 1370 1616 1436 tempora
1645 1357 1960 1436 periodica
1981 1355 2368 1436 planetarum
2408 1355 2469 1414 in
2500 1354 2709 1413 axium

262 1449 691 1531 principalium
722 1452 960 1512 ratione
989 1451 1440 1532 sesquiplicata.
1536 1454 1816 1534 Ideoque
1846 1468 2106 1515 cometae
2138 1454 2409 1513 maxima
2430 1474 2509 1512 ex
2538 1462 2713 1530 parte
2767 1471 2770 1475 ’

263 1571 453 1630 supra
481 1547 764 1629 planetas
799 1562 1125 1611 versantes
1163 1550 1223 1611 &
1254 1573 1333 1612 eo
1363 1552 1614 1612 nomine
1644 1553 1827 1613 orbes
1873 1553 2094 1612 axibus
2125 1551 2460 1634 majoribus
2491 1547 2716 1609 descri-

263 1652 484 1712 bentes
514 1649 750 1710 tardius
781 1648 1194 1712 revolventur.
1313 1651 1408 1711 Ut
1450 1651 1502 1711 si
1547 1651 1682 1711 axis
1727 1652 1894 1713 orbis
1938 1664 2199 1713 cometae
2247 1650 2329 1711 sit
2372 1646 2717 1729 quadruplo

271 1749 471 1830 major
498 1769 632 1809 axe.
660 1747 827 1809 orbis
871 1749 1122 1821 saturni,
1155 1761 1404 1829 tempus
1451 1748 1856 1810 revolutionis
1897 1762 2157 1811 cometae
2188 1749 2304 1810 erit
2346 1748 2427 1808 ad
2472 1759 2718 1825 tempus

274 1844 677 1908 revolutionis
714 1847 966 1920 saturni,
1000 1847 1062 1908 id
1095 1860 1191 1909 est
1220 1848 1302 1909 ad
1332 1869 1529 1910 annos
1563 1868 1658 1926 30,
1691 1861 1760 1909 ut
1789 1846 1956 1925 4d4
1990 1847 2124 1931 (seu
2157 1847 2219 1930 8)
2253 1847 2334 1907 ad
2374 1867 2422 1922 1,
2456 1846 2722 1926 ideoque

274 1945 393 2008 erit
423 1966 728 2006 annorum
764 1965 901 2021 240.

394 2044 591 2105 Corol.
630 2063 683 2104 2.
735 2043 941 2105 Orbes
971 2056 1181 2105 autem
1212 2057 1394 2106 erunt
1436 2044 1746 2126 parabolis
1777 2045 1936 2106 adeo
1966 2044 2223 2117 finitimi,
2255 2057 2325 2105 ut
2353 2064 2566 2106 eorum
2589 2042 2725 2102 vice

275 2142 589 2225 parabolae
618 2143 754 2205 sine
783 2145 1092 2205 erroribus
1121 2144 1516 2207 sensibilibus
1546 2146 1825 2207 adhiberi
1855 2146 2112 2226 possint.

398 2244 596 2306 Corol.
647 2263 701 2321 3.
755 2244 843 2304 Et
888 2258 1222 2325 propterea
1278 2245 1415 2327 (per
1464 2244 1647 2307 corol.
1703 2262 1736 2324 7
1780 2266 1951 2326 prop.
2001 2266 2109 2305 XVI
2156 2243 2255 2305 lib.
2323 2244 2376 2325 1)
2432 2242 2728 2304 velocitas

279 2357 542 2405 cornetae
594 2344 798 2405 omnis
856 2344 975 2405 erit
1031 2366 1282 2425 semper
1338 2345 1420 2405 ad
1472 2343 1866 2406 velocitatem
1924 2342 2192 2423 planetae
2250 2341 2520 2422 cujusvis
2572 2341 2732 2399 circa

280 2442 478 2505 solem
524 2443 586 2503 in
632 2441 858 2504 circulo
902 2442 1284 2505 revolventis
1332 2444 1393 2504 in
1442 2443 1873 2524 subduplicata
1917 2443 2154 2503 ratione
2184 2439 2390 2520 duplae
2421 2438 2731 2498 distantiae

281 2542 550 2623 planetae
594 2564 632 2602 a
675 2555 890 2603 centro
934 2540 1083 2603 solis
1127 2543 1210 2603 ad
1268 2542 1627 2603 distantiam
1676 2554 1935 2602 cometae
1984 2563 2021 2601 a
2068 2553 2279 2601 centro
2324 2538 2469 2600 solis
2518 2558 2730 2617 quam-

282 2641 583 2722 proxime.
680 2641 993 2702 Ponamus
1038 2641 1279 2701 radium
1332 2642 1499 2702 orbis
1550 2641 1777 2722 magni,
1824 2663 1933 2702 seu
1981 2638 2268 2718 ellipseos
2314 2637 2375 2696 in
2421 2658 2544 2715 qua
2573 2648 2736 2695 terra

284 2738 639 2811 revolvitur,
687 2739 1221 2800 semidiametrum
1275 2741 1613 2800 maximam
1672 2761 1810 2800 esse
1868 2738 2136 2818 partium
2205 2754 2612 2796 Ioooooooo:
2675 2732 2735 2791 &

282 2852 447 2899 terra
497 2851 671 2899 motu
715 2859 830 2898 suo
878 2837 1102 2899 diurno
1147 2839 1442 2900 mediocri
1487 2838 1796 2899 describet
1839 2850 2046 2917 partes
2104 2852 2403 2912 1720212,
2452 2831 2511 2892 δι
2563 2844 2736 2891 motu

283 2936 529 2998 horario
579 2949 790 3017 partes
848 2942 1101 3017 71675215.
1217 2940 1498 3020 Ideoque
1549 2952 1792 3002 cometa
1851 2940 1911 2999 in
1964 2939 2185 3000 eadem
2237 2936 2470 2998 telluris
2522 2958 2559 2996 a
2609 2934 2739 2996 sole

282 3036 579 3096 distantia
607 3036 903 3097 mediocri
945 3059 1022 3098 ea
1051 3059 1193 3098 cum
1222 3037 1555 3100 velocitate
1586 3060 1727 3118 quae
1757 3038 1838 3098 sit
1866 3038 1946 3098 ad
1984 3036 2377 3098 velocitatem
2409 3033 2640 3096 telluris
2671 3046 2740 3093 ut

295 3130 403 3210 ,12
453 3132 534 3193 ad
574 3154 596 3193 1
635 3133 946 3195 describet
975 3120 1148 3197 motu
1179 3157 1295 3201 suo
1331 3137 1560 3197 diurno
1591 3149 1799 3216 partes
1834 3151 2139 3213 2432747,
2174 3134 2234 3194 &
2279 3146 2449 3194 motu
2494 3132 2738 3193 horario

285 3244 496 3313 partes
535 3237 828 3311 101364÷.
922 3234 995 3295 In
1038 3235 1378 3318 majoribus
1419 3250 1628 3298 autem
1659 3234 1760 3297 vel
1808 3236 2148 3296 minoribus
2180 3234 2485 3294 distantiis
2538 3244 2741 3292 motus

285 3349 419 3396 tum
454 3335 712 3396 diurnus
742 3348 875 3396 tum
905 3335 1185 3412 horarius
1216 3338 1333 3398 erit
1375 3338 1456 3398 ad
1502 3338 1666 3398 hunc
1710 3349 1948 3397 motum
1994 3336 2281 3395 diurnum
2328 3333 2387 3392 &
2432 3331 2740 3391 horarium

285 3434 347 3493 in
376 3431 813 3512 subduplicata
844 3433 1084 3494 ratione
1115 3435 1548 3495 distantiarum
1581 3436 1908 3515 reciproce,
1946 3435 2210 3512 ideoque
2242 3432 2437 3490 datur.

373 3531 571 3592 Corol.
616 3551 672 3607 4.
729 3531 925 3592 Unde
957 3532 1008 3592 si
1040 3530 1202 3604 latus
1234 3547 1470 3594 rectum
1502 3532 1816 3613 parabolae
1849 3530 2196 3612 quadruplo
2229 3530 2425 3608 majus
2458 3527 2537 3585 sit
2569 3525 2745 3584 radio

286 3629 453 3690 orbis
484 3630 694 3711 magni
728 3629 788 3690 &
819 3630 1192 3710 quadratum
1225 3631 1378 3691 radii
1411 3630 1570 3692 illius
1601 3643 1870 3711 ponatur
1898 3650 2036 3690 esse
2067 3626 2332 3707 partium
2360 3626 2745 3684 'Ioooooooo

286 3748 431 3789 area
461 3749 649 3808 quam
679 3741 923 3789 cometa
953 3728 1127 3790 radio
1155 3729 1237 3789 ad
1266 3727 1464 3791 solem
1494 3730 1683 3790 ducto
1726 3726 1984 3809 singulis
2029 3725 2248 3786 diebus
2294 3721 2586 3784 describit
2633 3720 2748 3781 erit
