2852 4250
189 116 315 193 428
981 116 1097 166 DE
1130 116 1419 169 MUNDI
1445 117 1912 169 SYSTEMATE

186 283 323 358 loci,
373 283 610 347 incidet
662 284 726 346 in
773 284 996 348 horam
1041 282 1145 347 vel
1191 296 1441 347 sextam
1490 281 1594 347 vel
1642 283 2027 346 tricesimam
2079 285 2164 348 ab
2208 287 2479 370 appulsu
2532 290 2701 357 lunae

185 386 268 447 ad
330 385 770 460 meridianum,
833 395 1028 468 atque
1101 383 1252 447 luna
1310 381 1803 447 declinationem
1864 399 2154 450 mutante
2213 391 2563 456 mutabitur
2635 395 2699 457 in

183 486 528 550 defluxum.
641 487 933 567 Quorum
994 486 1280 550 omnium
1340 484 1707 567 exemplum
1762 485 1825 548 in
1885 501 2074 570 portu
2127 490 2305 573 regni
2366 493 2432 554 T
2425 495 2707 577 unquz‘nz'

182 588 266 650 ad
295 575 612 651 Batslzc'zm
656 589 775 650 sub
826 587 1161 650 latitudine
1205 584 1444 649 boreali
1498 596 1635 650 20⁸¹·
1673 586 1790 667 50'.
1884 588 2190 652 Hallez'us
2233 612 2314 652 ex
2363 606 2699 658 nautarum

181 689 736 751 observationibus
782 687 1095 770 patefecit.
1194 686 1292 748 Ibi
1338 708 1508 769 aqua
1560 686 1665 750 die
1718 688 2055 751 transitum
2102 688 2271 754 lunae
2316 713 2434 774 per
2483 717 2695 778 aequa-

182 801 385 851 torem
447 801 757 871 sequente
817 800 1089 871 stagnat,
1153 786 1302 850 dein
1363 786 1516 849 luna
1574 788 1658 850 ad
1733 788 1996 852 boream
2056 790 2418 856 declinante
2478 795 2700 879 incipit

179 888 374 951 fluere
430 888 491 950 &
544 889 826 963 refluere,
876 910 1004 951 non
1057 887 1171 960 bis,
1220 900 1291 949 ut
1343 887 1406 949 in
1460 886 1598 951 aliis
1643 889 1975 971 portubuS,
2024 892 2140 954 sed
2185 892 2382 957 semel
2429 896 2696 981 singulis

176 989 437 1063 diebus;
509 989 570 1050 &
630 1002 825 1051 aestus
886 988 1107 1051 incidit
1167 988 1229 1049 in
1290 1010 1585 1050 occasum
1646 988 1831 1064 lunae,
1894 992 2189 1056 defluxus
2250 997 2566 1061 maximus
2628 1001 2692 1062 in

174 1102 398 1151 ortum.
497 1089 663 1151 Cum
708 1086 877 1151 lunae
922 1088 1347 1152 declinatione
1400 1102 1673 1173 augetur
1717 1090 1818 1153 hie
1873 1106 2069 1157 aestus
2129 1117 2335 1179 usque
2383 1098 2466 1160 ad
2516 1099 2689 1163 diem

172 1188 514 1270 septimum
560 1186 664 1250 vel
710 1202 1025 1264 octavum,
1058 1191 1208 1254 dein
1255 1213 1371 1273 per
1414 1190 1572 1254 alios
1624 1205 1874 1274 septem
1923 1195 2062 1258 dies
2116 1196 2343 1261 iisdem
2386 1201 2694 1284 gradibus

171 1290 494 1363 decrescit,
558 1291 790 1373 quibus
849 1306 1040 1355 antea
1099 1308 1426 1370 creverat;
1504 1294 1568 1357 &
1640 1294 1791 1359 luna
1851 1297 2343 1366 declinationem
2405 1319 2693 1372 mutante

170 1405 395 1468 cessat,
429 1414 502 1454 ac
549 1414 699 1455 mox
747 1407 1028 1457 mutatur
1073 1395 1135 1457 in
1183 1395 1526 1460 defluxum.
1626 1396 1859 1460 Incidit
1889 1399 2060 1462 enim
2092 1402 2364 1466 subinde
2396 1405 2691 1471 defluxus
2724 1470 2757 1494 μ,

171 1492 232 1552 in
294 1513 593 1554 occasum
653 1491 821 1556 lunae
883 1494 946 1557 &
1005 1496 1279 1558 affluxus
1341 1497 1404 1558 in
1466 1510 1693 1572 ortum,
1749 1498 1956 1563 donec
2004 1501 2155 1565 luna
2204 1504 2433 1568 iterum
2487 1522 2692 1572 mutet

167 1591 673 1657 declinationem.
771 1595 1012 1660 Aditus
1044 1599 1126 1660 ad
1160 1599 1329 1661 hunc
1358 1612 1614 1681 portum
1656 1600 1947 1683 fretaque
1978 1603 2190 1666 vicina
2219 1604 2459 1688 duplex
2491 1622 2686 1691 patet,

166 1693 327 1756 alter
355 1695 438 1757 ab
468 1718 710 1760 oceano
761 1697 1023 1762 Sz'nensz'
1055 1700 1220 1762 inter
1259 1700 1694 1763 continentem
1728 1701 1790 1764 8ι
1822 1702 2091 1765 insulam
2124 1705 2495 1783 Lucaniam,
2529 1708 2692 1774 alter

164 1817 204 1857 a
262 1796 421 1857 mari
479 1797 701 1860 Indico
761 1798 926 1861 inter
984 1801 1417 1863 continentem
1481 1800 1543 1863 &
1604 1801 1875 1864 insulam
1936 1804 2200 1869 Borma.
2319 1807 2430 1870 An
2491 1824 2686 1874 aestus

163 1897 373 1978 spatio
419 1897 716 1961 horarum
771 1900 1111 1964 duodecim
1165 1925 1205 1963 a
1253 1902 1410 1964 mari
1459 1902 1683 1965 Indico
1748 1902 1809 1965 ἃ
1864 1905 2073 1986 spatio
2127 1906 2426 1971 horarum
2480 1932 2597 1972 sex
2648 1934 2689 1975 a

162 1998 319 2060 mari
351 1999 612 2061 Sz'nensz'
636 2022 752 2082 per
781 2001 942 2064 freta
974 2001 1079 2064 illa
1108 2003 1459 2076 venienteS,
1495 2003 1557 2065 &
1588 2004 1679 2066 sic
1711 2005 1774 2066 in
1814 2005 2036 2069 horam
2070 2009 2320 2071 tertiam
2354 2010 2416 2073 Sc
2447 2033 2682 2075 nonam

160 2097 446 2161 lunarem
480 2101 848 2176 incidenteS,
883 2119 1274 2186 componant
1319 2105 1686 2189 hujusmodi
1736 2121 1984 2182 motus;
2031 2109 2198 2172 sitne
2243 2109 2367 2173 alia
2412 2114 2681 2177 marium

160 2198 407 2263 illorum
458 2203 754 2279 conditio,
789 2206 1345 2269 observationibus
1391 2208 1745 2271 vicinorum
1794 2207 2078 2273 littorum
2123 2212 2679 2278 determinandum

159 2302 462 2386 relinquo

278 2405 614 2469 Hactenus
646 2430 870 2471 causas
901 2422 1190 2473 motuum
1222 2409 1390 2474 lunae
1423 2411 1485 2474 &
1517 2412 1786 2475 marium
1818 2413 2085 2477 reddidi.
2186 2416 2291 2479 De
2321 2418 2679 2500 quantitate

156 2518 444 2568 motuum
467 2508 606 2591 jam
638 2511 940 2573 convenit
970 2510 1184 2594 aliqua
1214 2513 1617 2598 subjungere.

460 2706 1104 2774 PROPOSITIO
1185 2713 1438 2776 XXV.
1584 2714 2161 2778 PROBLEMA
2242 2718 2374 2780 VI.

557 2864 858 2927 Invenire
886 2868 1047 2930 vires
1074 2869 1223 2931 solis
1250 2869 1344 2930 ad
1347 2870 1819 2950 perturbandos
1848 2880 2051 2935 molus
2079 2874 2264 2937 lunae.

275 3014 591 3099 Designet
622 3019 680 3080 S
705 3019 922 3096 solem,
971 3024 1035 3084 T
1056 3037 1305 3098 terram,
1339 3026 1405 3087 P
1448 3024 1681 3100 lunam,
1722 3027 1780 3089 C
1781 3028 1852 3088 A
1867 3028 2014 3089 DB
2043 3029 2264 3092 orbem
2312 3028 2492 3095 lunae.
2593 3032 2666 3094 In

140 3910 198 3971 S
202 3911 266 3971 P
294 3911 579 3993 capiatur
610 3912 745 3973 SK
768 3912 1030 3995 aequalis
1065 3915 1122 3976 S
1139 3915 1233 3988 T,·
1278 3917 1487 3999 sitque
1521 3921 1579 3981 S
1581 3922 1641 3982 L
1678 3922 1759 3984 ad
1792 3925 1852 3986 S
1854 3926 1937 3986 K
1962 3926 2024 3988 in
2057 3925 2378 4008 duplicata
2409 3929 2652 3992 ratione
