2852 4250
1058 136 1294 186 LIBER
1330 114 1468 187 S'Ec
1477 139 1636 188 UND
1650 140 1746 189 css,
2494 163 2609 222 305
2657 203 2660 207 .

98 303 122 372 χ’,
178 309 351 360 motu
402 295 696 358 continuo
741 295 1003 356 ducatur
1053 296 1113 356 in
1167 310 1362 359 totam
1413 298 1864 379 longitudinem
1911 300 1978 359 A
2013 322 2052 359 a
2081 326 2104 370 ,·
2163 301 2223 361 &
2273 306 2608 381 trapezium

167 414 256 456 'ex
300 392 403 454 illo
446 406 623 455 motu
662 393 1042 472 descriptum
1086 395 1221 454 sive
1266 394 1406 455 huic
1450 395 1692 474 aequale
1721 395 2144 476 rectangulum
2175 399 2242 456 A
2277 420 2317 457 a
2340 398 2433 463 Χὲ
2477 403 2608 460 a.B

88 526 114 534 „
177 490 526 571 aequabitur
552 511 814 550 summae
858 490 1134 551 omnium
1178 491 1370 550 MN
1403 511 1445 551 ><
1490 492 1658 561 CM,
1707 491 1972 570 ideoque
2023 514 2282 553 summae
2334 496 2607 555 omnium

72 583 81 620 9
177 587 565 662 DdeK,
600 586 662 646 id
693 599 804 657 est,
837 608 999 647 areae
1029 587 1426 658 BKVTa,
1519 588 1593 661 Q.
1620 587 1700 647 E.
1726 589 1809 647 D.

293 684 490 744 Corol.
547 683 716 743 Hinc
746 705 824 743 ex
854 682 993 764 lege
1030 684 1395 744 resistentiae
1422 683 1482 743 ἃ
1511 705 1762 743 arcuum
1793 685 1849 743 C
1861 708 1917 759 a,
1951 686 2080 745 CB
2109 686 2453 746 differentia
2482 689 2548 747 A
2573 711 2612 748 a

72 816 73 820 =
177 779 379 862 colligi
410 793 619 860 potest
647 780 966 859 proportio
997 779 1363 840 resistentiae
1395 780 1474 839 ad
1503 781 1875 860 gravitatem
1907 804 2093 861 quam
2125 783 2418 861 proxime.

108 922 115 927 -
293 877 461 936 Nam
491 877 542 936 si
573 876 892 936 uniformis
923 876 1005 935 sit
1033 875 1383 935 resistentia
1426 876 1601 946 DK,
1636 876 1832 956 figura
1863 878 1924 936 B
1944 879 2021 937 K
2046 879 2108 937 Τ
2115 901 2153 937 a
2185 877 2608 959 rectangulum

73 1021 78 1028 .
178 974 294 1035 erit
322 974 438 1034 sub
459 975 578 1033 Ba
603 973 664 1034 &
685 974 756 1033 D
778 974 858 1032 K
867 999 890 1043 ,·
936 973 996 1032 &
1020 973 1165 1033 inde
1190 972 1615 1053 rectangulum
1647 974 1761 1033 sub
1787 973 1817 1038 ὲ-
1840 975 1903 1032 Β
1921 996 1959 1034 a
1985 975 2044 1034 &
2066 977 2133 1034 A
2157 998 2196 1034 a
2227 977 2342 1036 erit
2373 977 2612 1056 aequale

179 1070 535 1153 rectangulo
578 1072 696 1131 sub
739 1072 804 1130 B
819 1092 860 1129 a
892 1070 952 1130 &
981 1071 1155 1142 DK,
1191 1073 1250 1131 &
1280 1071 1447 1130 DK
1483 1070 1738 1150 aequalis
1784 1073 1898 1131 erit
1927 1072 2044 1136 {A
2070 1095 2121 1134 a.
2214 1074 2425 1150 Quare
2470 1097 2609 1134 cum

177 1170 348 1230 DK
369 1170 449 1230 sit
492 1190 813 1248 exponens
858 1168 1241 1243 resistentiae,
1277 1167 1337 1228 ἃ
1381 1166 1704 1248 longitudo
1749 1169 2000 1247 penduli
2046 1192 2364 1249 exponens
2408 1173 2610 1252 gravi-

74 1301 82 1326 -.
178 1267 336 1338 tatis,
370 1266 484 1326 erit
514 1266 863 1326 resistentia
892 1265 972 1324 ad
1007 1266 1380 1346 gravitatem
1412 1277 1480 1324 ut
1508 1264 1626 1329 {A
1651 1287 1690 1324 a
1713 1266 1792 1324 ad
1823 1264 2273 1346 longitudinem
2319 1269 2570 1347 penduli
2599 1294 2609 1342 ;

54 1357 64 1377 ”
178 1366 430 1426 omnino
460 1377 530 1424 ut
559 1365 619 1424 in
652 1386 822 1444 prop.
856 1383 1059 1423 xxvm
1092 1363 1585 1423 demonstratum
1618 1375 1727 1422 est.
2668 1446 2671 1447 ⁷

289 1462 358 1522 Si
407 1462 755 1522 resistentia
798 1462 878 1522 sit
923 1476 991 1522 ut
1026 1460 1338 1532 velocitaS,
1383 1460 1581 1541 figura
1630 1461 1796 1519 BK
1820 1461 1882 1519 T
1889 1482 1928 1519 a
1979 1460 2209 1540 ellipsis
2261 1463 2376 1523 erit
2427 1485 2612 1543 quam

176 1560 472 1640 proxime.
570 1559 738 1619 Nam
769 1559 819 1619 si
852 1580 1090 1638 corpuS,
1118 1558 1178 1617 in
1212 1557 1419 1618 medio
1451 1578 1574 1617 non
1607 1557 1945 1628 resistente,
1972 1557 2351 1619 oscillatione
2376 1561 2616 1641 integra

176 1657 552 1718 describeret
597 1655 1049 1738 longitudinem
1101 1655 1272 1725 BA,
1320 1652 1616 1714 velocitas
1664 1654 1723 1712 in
1772 1652 1908 1714 loco
1953 1656 2174 1734 quovis
2227 1657 2297 1715 D
2347 1656 2505 1717 foret
2548 1671 2617 1717 ut

175 1754 380 1817 circuli
432 1755 735 1816 diametro
786 1755 853 1814 A
877 1754 942 1813 B
991 1751 1283 1831 descripti
1331 1751 1661 1812 ordinatim
1714 1750 2022 1830 applicata
2064 1754 2230 1813 DE.
2349 1755 2615 1814 Proinde

177 1874 316 1935 cum
345 1853 465 1912 Ba
498 1853 558 1912 in
589 1851 797 1916 medio
821 1851 1162 1920 resistente,
1191 1849 1250 1909 &
1273 1850 1337 1908 B
1358 1850 1426 1908 A
1458 1849 1518 1907 i'n
1545 1848 1751 1909 medio
1777 1870 1899 1909 non
1924 1850 2249 1910 resistente
2273 1851 2613 1930 aequalibus

51 2023 53 2025 q
177 1950 414 2010 circiter
477 1950 859 2029 temporibus
925 1948 1353 2009 describantur
1385 1969 1396 2017 ;
1471 1946 1737 2025 ideoque
1803 1945 2162 2007 velocitates
2230 1949 2289 2007 in
2357 1948 2613 2030 singulis

68 2076 76 2081 ·
178 2048 368 2128 ipsius
411 2048 531 2107 Ba
574 2047 834 2126 punctiS,
867 2046 990 2106 sint
1020 2068 1208 2126 quam
1253 2045 1533 2125 proxime
1578 2044 1657 2103 ad
1704 2043 2062 2105 velocitates
2095 2046 2154 2104 in
2200 2048 2442 2125 punctis
2487 2069 2613 2108 cor-

54 2141 61 2153 ’
178 2144 695 2224 respondentibus
740 2143 1143 2225 longitudinis
1185 2143 1360 2213 BA,
1394 2155 1461 2201 ut
1506 2154 1600 2202 est
1643 2142 1761 2200 Ba
1794 2142 1871 2200 ad
1918 2143 2066 2201 BA
2091 2169 2114 2213 ,·
2159 2145 2273 2204 erit
2316 2143 2610 2205 velocitas

178 2243 238 2303 in
283 2254 513 2323 puncto
557 2243 627 2302 D
671 2242 732 2302 in
785 2242 992 2302 medio
1044 2242 1370 2302 resistente
1415 2252 1483 2299 ut
1527 2238 1730 2299 circuli
1777 2238 1875 2299 vel
1925 2239 2210 2320 ellipseos
2255 2264 2441 2322 super
2483 2242 2610 2302 dia-

178 2354 376 2402 metro
419 2341 539 2400 Ba
575 2340 867 2419 descripti
912 2339 1243 2400 ordinatim
1289 2337 1632 2418 applicata,
1681 2338 1947 2417 ideoque
1994 2338 2190 2419 figura
2233 2341 2393 2399 BK
2421 2341 2482 2399 V
2504 2342 2567 2400 T
2573 2364 2612 2400 a

177 2435 408 2517 ellipsis
466 2437 582 2498 erit
639 2458 828 2517 quam
901 2438 1198 2517 proxime.
1332 2437 1492 2497 Cum
1567 2437 1936 2496 resistentia·
1974 2435 2282 2497 velocitati
2358 2459 2610 2517 propor-

178 2533 422 2595 tionalis
466 2548 864 2614 supponatur,
912 2536 992 2595 sit
1047 2536 1102 2596 O
1137 2535 1200 2594 V
1237 2555 1558 2613 exponens
1605 2534 1969 2594 resistentiae
2016 2535 2076 2594 in
2127 2548 2356 2613 puncto
2407 2536 2612 2595 medio

182 2631 283 2709 Q,
328 2630 387 2691 8ῑ
431 2623 662 2711 ellipsis
705 2633 852 2692 BR
886 2633 950 2692 V
960 2633 1016 2693 S
1028 2655 1083 2704 a,
1131 2645 1343 2693 centro
1392 2632 1461 2703 O,
1494 2631 1871 2691 semiaxibus
1907 2632 2057 2703 OB,
2096 2633 2151 2691 O
2190 2633 2251 2691 V
2286 2633 2609 2711 descripta,

179 2727 439 2809 figuram
483 2730 548 2788 B
563 2730 645 2789 K
670 2729 733 2789 V
754 2730 818 2790 T
824 2753 881 2806 a,
927 2731 1110 2810 eique
1155 2727 1395 2810 aequale
1440 2728 1864 2810 rectangulum
1908 2730 1975 2788 A
2000 2751 2039 2788 a
2071 2749 2109 2789 ><
2139 2731 2203 2789 Β
2226 2731 2295 2801 O,
2343 2730 2614 2809 aequabit

179 2827 663 2906 quamproxime.
759 2828 880 2889 Est
923 2828 1110 2910 igitur
1138 2829 1205 2888 A
1230 2851 1270 2887 a
1292 2847 1332 2887 ><
1355 2828 1419 2886 Β
1442 2828 1497 2887 0
1527 2827 1606 2887 ad
1643 2828 1699 2887 0
1733 2828 1795 2886 V
1810 2847 1849 2886 ><
1872 2827 1936 2885 B
1959 2827 2014 2886 0
2043 2838 2112 2886 ut
2141 2848 2284 2886 area
2328 2825 2613 2905 ellipseos

44 3007 46 3009 ‚
179 2922 358 3005 hujus
388 2925 469 2985 ad
505 2926 562 2986 O
595 2925 659 2984 V
672 2946 711 2986 ><
734 2927 799 2985 B
821 2926 915 2987 O.-
960 2926 1022 2986 id
1067 2938 1177 2997 est,
1209 2926 1277 2985 A
1301 2947 1341 2984 a
1371 2925 1451 2983 ad
1489 2925 1544 2984 O
1578 2925 1640 2983 V
1661 2937 1729 2984 ut
1758 2946 1901 2984 area
1931 2923 2291 2984 semicirculi
2338 2924 2416 2983 ad
2463 2945 2610 3002 qua-

71 3010 73 3017 ’
114 3040 118 3046 ’
178 3020 422 3081 dratum
454 3023 624 3095 radii,
657 3024 790 3084 sive
835 3035 904 3083 ut
943 3045 963 3083 1
986 3044 1006 3082 1
1046 3023 1126 3082 ad
1165 3040 1196 3100 7
1228 3022 1466 3082 circiter
1497 3045 1508 3082 :
1559 3021 1646 3082 Et
1689 3035 2018 3102 propterea
2046 3022 2197 3087 {TA
2223 3044 2261 3081 a
2293 3022 2371 3081 ad
2417 3020 2610 3102 longi-
2695 3058 2698 3059 ν

31 3113 77 3141 “·
178 3118 455 3181 tudinem
498 3120 753 3200 penduli
805 3134 873 3182 ut
917 3121 1190 3201 corporis
1235 3118 1570 3180 oscillantis
1616 3120 1966 3180 resistentia
2018 3120 2078 3179 in
2125 3120 2180 3179 O
2210 3119 2288 3178 ad
2334 3118 2611 3199 ejusdem

63 3222 66 3231 '
176 3216 565 3296 gravitatem.

75 3365 79 3373 .
292 3313 482 3391 Quod
519 3317 570 3376 si
602 3317 953 3378 resistentia
981 3317 1149 3376 DJ<
1185 3316 1266 3376 sit
1297 3317 1357 3375 in
1402 3314 1715 3395 duplicata
1759 3316 1995 3375 ratione
2026 3313 2383 3384 velocitatis,
2418 3313 2614 3393 figura

65 3413 68 3420 '
176 3410 242 3470 B
256 3412 337 3471 K
362 3413 426 3472 V
446 3414 510 3473 T
516 3436 556 3474 a
599 3414 728 3476 fere
756 3414 1067 3494 'parabola
1097 3415 1212 3475 erit
1242 3414 1538 3474 verticem
1583 3414 1820 3474 habens
1867 3413 2011 3472 V&
2042 3432 2226 3471 axem
2277 3413 2331 3470 O
2371 3411 2438 3483 V,
2482 3410 2606 3470 ide-

52 3505 59 3518 “
124 3500 125 3505 ¹
178 3528 341 3588 oque
383 3509 639 3590 aequalis
679 3512 795 3572 erit
838 3510 1198 3593 rectangulo
1227 3512 1343 3571 sub
1387 3511 1421 3576 {r
1448 3512 1570 3571 Ba
1601 3511 1661 3571 &
1695 3512 1751 3571 O
1785 3511 1849 3570 V
1869 3530 2055 3589 quam
2101 3509 2395 3587 proxime.
2491 3507 2610 3565 Est

54 3679 62 3684 ,
180 3603 364 3684 igitur
392 3607 818 3689 rectangulum
863 3609 980 3669 sub
1022 3608 1057 3673 ἐν
1085 3611 1206 3668 Ba
1237 3609 1297 3669 &
1326 3610 1393 3668 A
1418 3631 1459 3668 a
1502 3606 1741 3688 aequale
1786 3604 2143 3686 rectangulo
2180 3605 2294 3663 sub
2337 3603 2371 3667 ἓ
2398 3603 2517 3661 Ba
2549 3602 2608 3662 ἃ

1 3708 8 3714 ’
78 3751 83 3754 .
183 3701 240 3761 O
271 3702 340 3774 V,
367 3703 632 3785 ideoque
667 3706 724 3766 O
756 3705 821 3765 V
841 3704 1096 3785 aequalis
1125 3705 1160 3771 {—
1188 3707 1255 3765 A
1279 3728 1318 3765 a
1339 3732 1358 3767 .·
1404 3705 1463 3766 &
1493 3718 1821 3785 propterea
1850 3703 2120 3781 corporis
2151 3699 2480 3761 oscillantis
2517 3719 2606 3757 re-

179 3797 457 3862 sistentia
487 3802 549 3862 in
584 3803 641 3863 O
669 3803 749 3863 ad
795 3802 988 3882 ipsius
1015 3802 1388 3883 gravitatem
1419 3816 1487 3862 ut
1516 3802 1550 3867 {-
1584 3803 1651 3861 A
1675 3824 1713 3860 a
1745 3801 1824 3860 ad
1855 3799 2304 3879 longitudinem
2335 3793 2603 3874 penduli.

1375 3905 1415 3945 U
