2846 4250
156 132 283 191 490
960 111 1077 161 DE
1108 110 1389 163 MUNDJ
1422 109 1780 162 SYSTEMA
1790 110 1886 160 TE

1027 331 1498 428 LEMMA
1620 364 1789 426 IX.

1570 533 1800 596 Asc

311 579 525 641 Rectae·
565 579 590 640 Ι
640 605 682 649 μ
731 580 813 646 6⁵9³
855 604 898 648 μ
950 578 1021 639 Μ
1076 579 1159 645 &³
1202 578 1525 661 ἶθκὲἳῖῑιίῖθ
1586 663 1628 720 4
1653 643 1769 710 Su

1837 584 2178 659 aequanlur
2218 577 2389 639 inter
2427 600 2499 640 se.

272 812 445 873 Nam
476 831 518 889 4
544 812 602 873 S
616 837 659 882 μ
689 823 789 874 est
818 810 983 873 latus
1015 824 1257 875 rectum
1288 809 1608 894 parabolae
1639 809 1965 892 pertinens
1996 808 2079 870 ad
2111 809 2414 871 verticem
2444 835 2500 880 μ.

1051 1062 1529 1125 LEMMA
1654 1061 1756 1125 X.

263 1248 349 1309 Si
377 1248 778 1329 producatur
806 1247 852 1311 S
878 1273 920 1318 μ
949 1246 1044 1309 ad
1068 1246 1129 1308 N
1172 1247 1255 1314 &³
1288 1246 1355 1320 P,
1390 1253 1466 1307 ut
1492 1271 1534 1315 μ
1560 1245 1620 1306 Ν
1655 1245 1744 1307 sit
1769 1253 1939 1326 pars
1974 1245 2164 1307 tertia
2193 1246 2392 1328 ips-ius
2418 1272 2460 1318 μ
2497 1247 2544 1322 I,
2582 1249 2666 1316 (ξδ’

147 1363 193 1426 S
227 1363 274 1424 P
327 1363 414 1426 sit
454 1364 547 1426 ad
584 1364 630 1426 S
662 1363 724 1424 N
773 1371 851 1424 ut
893 1363 939 1425 S
973 1362 1034 1423 N
1083 1362 1176 1423 ad
1213 1360 1259 1423 S
1282 1386 1339 1434 μ,
1371 1368 1613 1434 cometa,
1646 1381 1767 1442 quo
1807 1367 2075 1441 tempore
2114 1360 2402 1424 describit
2441 1385 2663 1425 arcum

147 1480 212 1542 A
237 1507 279 1551 μ
309 1481 381 1558 C,
414 1482 477 1543 sz'
483 1481 978 1564 progrederetur
1018 1502 1087 1542 ea
1130 1487 1367 1560 semper
1406 1500 1546 1539 cum
1595 1477 1906 1539 velocitate
1948 1499 2140 1559 quam
2186 1478 2367 1541 habet
2411 1480 2481 1541 in
2511 1481 2659 1543 alti·
2732 1488 2762 1510 ·'

145 1596 363 1658 tudine
388 1597 516 1678 {psi
541 1596 587 1659 S
617 1597 664 1657 P
696 1597 938 1679 aeqzmli,
972 1595 1330 1658 describeret
1358 1593 1813 1677 longitudinem
1842 1594 2143 1675 aequalem
2172 1595 2413 1658 clzordae
2443 1596 2507 1658 A
2533 1597 2603 1660 C.

262 1820 436 1882 Nam
481 1821 534 1882 si
580 1834 830 1883 cometa
859 1819 1212 1894 velocitate,
1247 1841 1439 1902 quam
1473 1819 1668 1880 habet
1719 1816 1783 1879 in
1828 1843 1886 1892 μ,
1920 1817 2150 1881 eodem
2182 1832 2470 1902 tempore
2514 1843 2656 1904 pro-

139 1926 513 2009 grederetur
563 1926 960 1988 uniformiter
1009 1925 1070 1987 in
1125 1938 1311 1998 recta,
1369 1945 1514 2006 quae
1563 1919 1933 2004 parabolam
1987 1922 2193 2006 tangit
2241 1923 2305 1985 in
2357 1949 2437 1999 μ;
2491 1946 2655 2000 area,

140 2049 333 2108 quam
394 2028 572 2090 radio
625 2028 707 2089 ad
767 2040 1074 2108 punctum
1135 2027 1193 2087 S
1248 2026 1442 2087 ducto
1491 2023 1895 2097 describeret,
1950 2023 2215 2106 aequalis
2267 2039 2439 2088 esset
2489 2048 2657 2089 areae

139 2127 516 2209 parabolicae
547 2130 615 2190 A
644 2129 701 2190 S
721 2116 779 2190 C
792 2154 849 2198 μ.
949 2129 1237 2210 Ideoque
1268 2139 1638 2189 contentum
1670 2124 1790 2186 sub
1821 2122 2222 2209 longitudine
2255 2127 2317 2188 in
2349 2139 2655 2211 tangente

138 2227 458 2311 descripta
503 2229 564 2291 ἃ
610 2229 1007 2312 longitudine
1053 2230 1111 2290 S
1124 2255 1165 2298 μ
1212 2240 1384 2290 esset
1428 2227 1511 2288 ad
1558 2238 1930 2288 contentum
1983 2226 2103 2288 sub
2152 2226 2654 2311 longitudinibus

138 2329 296 2391 AC
337 2329 398 2392 &
445 2331 619 2405 SM
654 2343 725 2392 ut
754 2351 902 2393 area
937 2330 1228 2399 ASCp·
1272 2328 1356 2391 ad
1403 2323 1790 2410 triangulum
1835 2327 2089 2402 ASC,
2123 2328 2188 2390 id
2234 2341 2347 2403 est,
2381 2342 2452 2391 ut
2496 2329 2660 2392 SN

137 3497 218 3558 ad
262 3497 320 3559 S
336 3498 435 3562 M.
530 3497 749 3579 Quare
792 3501 862 3561 A
898 3502 955 3563 C
994 3517 1092 3566 est
1136 3505 1219 3567 ad
1264 3504 1729 3591 longitudinem
1776 3510 1839 3571 in
1894 3519 2200 3592 tangente
2245 3506 2645 3588 descriptam,

137 3611 206 3660 ut
238 3600 295 3661 S
310 3626 352 3670 μ
383 3601 465 3662 ad
513 3602 571 3662 S
582 3602 677 3663 N.
774 3601 940 3664 Cum
985 3617 1198 3667 autem
1243 3606 1548 3671 velocitas
1594 3625 1862 3674 cometae
1908 3611 1972 3672 in
2004 3607 2337 3672 altitudine
2381 3608 2440 3670 S
2456 3608 2523 3668 P
2565 3607 2650 3669 sit

143 3701 281 3784 (per
324 3701 509 3766 corol.
563 3709 601 3765 6
646 3725 825 3786 prop.
877 3725 988 3766 XVI
1033 3704 1136 3769 lib.
1183 3707 1239 3790 1)
1289 3710 1372 3770 ad
1417 3711 1555 3793 ejus
1599 3711 2006 3775 velocitatem
2056 3712 2119 3774 in
2165 3709 2500 3773 altitudine
2531 3710 2591 3771 S
2605 3735 2647 3780 μ

136 3800 198 3861 in
230 3802 673 3885 subduplicata
702 3805 946 3868 ratione
992 3806 1049 3867 S
1061 3807 1127 3867 P
1156 3807 1238 3868 ad
1287 3809 1344 3870 S
1361 3834 1402 3878 μ
1449 3810 1716 3886 inverse,
1751 3813 1816 3874 id
1865 3825 1979 3887 est,
2014 3812 2076 3874 in
2127 3812 2372 3874 ratione
2405 3811 2464 3871 S
2477 3837 2516 3883 μ
2561 3810 2644 3872 ad

136 3900 193 3961 S
210 3901 330 3964 N·.·
374 3901 705 3987 longitudo
746 3904 865 3967 hac
895 3903 1232 3969 velocitate
1264 3908 1491 3971 eodem
1524 3922 1814 3993 tempore
1852 3912 2172 3994 descripta
2216 3912 2336 3974 erit
2379 3911 2462 3973 ad
2508 3909 2644 3974 lon-
