2846 4224
195 167 327 207 xxx
927 156 931 160 ·
1023 140 1406 193 EDJTORJS
1447 139 1726 191 PRAEFA
1736 98 1878 190 Tio.

195 313 443 378 tenacia
493 311 729 374 fuerint
773 309 1057 372 adinstar
1100 309 1222 372 olei
1270 308 1331 371 &
1373 307 1591 371 mellis,
1689 305 2081 370 Resistentia
2132 326 2279 388 quae
2323 303 2594 369 sentitur
2642 307 2705 371 in

196 425 359 487 aere,
393 435 588 502 aqua,
615 411 1026 494 hydrargyro,
1062 409 1124 471 ἃ
1170 409 1533 493 hujusmodi
1579 409 1789 470 fluidis
1837 429 1964 471 non
2011 407 2342 470 tenacibus
2389 406 2523 499 fere
2571 420 2708 472 tota

196 527 295 576 est
325 513 550 595 prioris
580 512 832 595 generis
856 536 868 586 ;
918 510 979 572 82
1011 510 1207 571 minui
1255 532 1382 572 non
1428 523 1642 592 potest
1686 532 1802 592 per
1846 508 2210 572 ulteriorem
2259 530 2707 592 quemcunque

194 616 466 699 gradum
497 613 878 685 subtilitatis,
913 624 1211 673 manente
1243 611 1418 672 fluidi
1450 611 1766 674 densitate
1796 609 1899 673 vel
1931 611 1996 672 vi
2030 610 2288 683 inertiae,
2322 610 2422 672 cui
2452 632 2709 693 semper

195 713 684 798 proportionalis
715 727 814 776 est
843 714 982 775 haec
1023 712 1414 785 resistentia;
1462 712 2005 794 quemadmodum
2052 709 2397 773 clarissime
2441 710 2705 774 demon-

195 830 462 878 stratum
499 829 599 878 est
643 815 724 876 ab
765 827 1022 876 auctore
1075 827 1293 876 nostro
1342 814 1405 875 in
1459 814 1835 897 peregregia
1887 813 2388 875 resistentiarum
2436 812 2702 888 theoria,

196 940 341 999 quae
372 915 563 998 paulo
594 938 759 977 nunc
790 915 1140 976 accuratius
1172 914 1524 996 exponitur,
1559 915 1677 976 hac
1708 914 1991 976 secunda
2021 915 2176 988 vice,
2213 913 2275 976 &
2314 936 2432 996 per
2461 915 2707 997 experi-

195 1031 412 1080 menta
442 1039 776 1098 corporum
809 1016 1173 1077 cadentium
1205 1014 1453 1097 plenius
1486 1015 1906 1078 confirmatur.

310 1120 597 1200 Corpora
669 1116 1141 1200 progrediendo
1202 1129 1444 1178 motum
1506 1138 1692 1182 suum
1769 1116 1965 1178 fluido
2029 1116 2336 1178 ambienti
2396 1114 2702 1198 paulatim

193 1220 675 1292 communicant,
710 1218 772 1280 &
803 1218 1330 1280 communicando
1371 1218 1682 1290 amittunt,
1717 1219 2071 1281 amittendo
2116 1232 2331 1280 autem
2377 1219 2702 1282 retardan-

194 1333 310 1382 tur.
451 1319 574 1380 Est
648 1319 862 1400 itaque
936 1318 1280 1380 retardatio
1355 1318 1555 1380 motui
1630 1320 2097 1381 communicato
2171 1318 2702 1402 proportionalis;

194 1433 403 1482 motus
435 1442 589 1481 vero
621 1420 1135 1492 communicatuS,
1169 1420 1277 1480 ubi
1320 1419 1508 1480 datur
1551 1420 1832 1501 corporis
1879 1420 2346 1502 progredientis
2378 1419 2702 1484 velocitas,
2777 1425 2804 1445 ”

194 1532 292 1580 651;
322 1533 392 1581 ut
437 1519 611 1580 fluidi
659 1519 975 1594 densitas;
1023 1542 1178 1603 ergo
1224 1520 1567 1582 retardatio
1614 1542 1725 1581 seu
1774 1522 2132 1583 resistentia
2184 1522 2304 1584 erit
2355 1535 2427 1583 ut
2474 1522 2703 1584 eadem

193 1621 368 1681 fluidi
410 1621 725 1695 densitas;
774 1643 982 1703 neque
1028 1620 1155 1683 ullo
1201 1634 1388 1702 pacto
1434 1620 1566 1683 tolli
1612 1635 1839 1703 potest,
1877 1623 1994 1684 nisi
2028 1646 2066 1685 a
2109 1624 2306 1687 fluido
2355 1623 2437 1685 ad
2487 1636 2702 1705 partes

192 1722 471 1802 corporis
503 1722 779 1803 posticas
825 1736 1185 1784 recurrente
1232 1723 1599 1784 restituatur
1645 1738 1855 1785 motus
1902 1726 2189 1788 amissus,
2291 1724 2439 1787 Hoc
2485 1738 2701 1786 autem

191 1823 313 1883 dici
369 1844 495 1884 non
543 1822 795 1903 poterit,
848 1823 966 1883 nis-i
1018 1823 1349 1904 impressio
1400 1824 1574 1885 fluidi
1630 1825 1692 1885 in
1747 1847 1976 1907 corpus
2025 1827 2108 1889 ad
2162 1838 2375 1909 partes
2423 1825 2702 1907 posticas

192 1922 453 2004 aequalis
513 1922 701 1983 fuerit
754 1922 1152 2003 impressioni
1215 1925 1494 2007 corporis
1556 1926 1618 1986 in
1681 1925 1945 1989 fluidum
2012 1930 2094 1991 ad
2156 1942 2369 2011 partes
2440 1928 2699 2002 anticaS,

190 2022 310 2084 hoc
356 2036 468 2095 est,
503 2023 621 2083 nisi
669 2022 970 2086 velocitas
1017 2024 1282 2088 relativa
1327 2050 1455 2109 qua
1501 2029 1765 2091 fluidum
1813 2032 1990 2093 irruit
2037 2032 2096 2092 in
2146 2054 2375 2114 corpus
2407 2057 2445 2096 a
2498 2047 2698 2116 tergO,

191 2122 452 2204 aequalis
512 2124 699 2185 fuerit
757 2124 1077 2187 velocitati
1132 2149 1259 2208 qua
1310 2151 1539 2210 corpus
1601 2125 1900 2194 irruit‘in
1956 2133 2236 2208 fluidum,
2294 2135 2358 2197 id
2409 2148 2522 2210 est,
2579 2137 2701 2199 nisi

189 2222 492 2285 velocitas
524 2223 813 2286 absoluta
845 2225 1020 2287 fluidi
1053 2230 1428 2290 recurrentis
1461 2229 1658 2312 duplo
1705 2234 1907 2316 major
1936 2233 2124 2296 fuerit
2170 2258 2362 2317 quam
2395 2236 2700 2301 velocitas

189 2327 480 2390 absoluta
511 2328 686 2389 fluidi
728 2328 1047 2410 propulsi;
1096 2332 1268 2412 quod
1316 2332 1449 2394 fieri
1501 2336 1737 2416 nequit.
1837 2336 2034 2399 Nullo
2085 2338 2277 2421 igitur
2324 2341 2519 2403 modo
2565 2339 2700 2404 tolli

189 2442 400 2509 potest
461 2428 797 2491 fluidorum
852 2431 1225 2505 resistentia,
1278 2455 1423 2514 quae
1485 2435 1684 2496 oritur
1735 2436 1816 2497 ab
1870 2440 2220 2501 eorundem
2270 2442 2587 2506 densitate
2637 2443 2700 2506 &

189 2529 253 2589 vi
305 2529 560 2591 inertiae.
660 2531 886 2611 Itaque
936 2530 1444 2594 concludendum
1499 2536 1655 2610 erit;
1719 2537 1894 2599 fluidi
1949 2538 2218 2603 caelestis
2269 2542 2700 2608 nullam‘esse

189 2630 320 2690 vim
355 2631 610 2703 inertiae,
646 2654 788 2692 cum
823 2632 994 2693 nulla
1038 2634 1120 2695 sit
1168 2635 1265 2695 vis
1312 2637 1690 2699 resistendi:
1737 2638 1973 2701 nullam
2020 2664 2162 2704 esse
2209 2644 2340 2704 vim
2387 2667 2517 2726 qua
2562 2669 2696 2709 mo-

189 2742 291 2790 tus
338 2731 850 2804 communicetur,
899 2755 1041 2793 cum
1090 2733 1261 2795 nulla
1308 2736 1391 2796 sit
1435 2737 1533 2797 vis
1581 2737 1868 2802 inertiae:
1916 2740 2152 2803 nullam
2202 2766 2345 2807 esse
2390 2747 2522 2808 vim
2570 2770 2699 2830 qua

189 2832 455 2893 mutatio
530 2831 830 2913 quaelibet
889 2832 991 2895 vel
1053 2836 1421 2916 corporibus
1482 2838 1747 2922 singulis
1808 2841 1910 2903 vel
1982 2843 2268 2925 pluribus
2344 2847 2693 2925 inducatur,

187 2954 332 2992 cum
387 2931 556 2993 nulla
603 2934 685 2994 sit
736 2934 833 2994 vis
887 2957 1016 3016 qua
1075 2950 1285 2998 motus
1346 2941 1882 3018 communicetur;
1949 2944 2185 3008 nullam
2241 2970 2383 3011 6556
2433 2951 2696 3015 omnino

187 3031 548 3105 efficaciam,
596 3055 739 3094 cum
787 3033 958 3096 nulla
1005 3036 1087 3097 sit
1138 3035 1403 3099 facultas
1455 3042 1872 3105 mutationem
1923 3047 2275 3127 quamlibet
2329 3051 2688 3116 inducendi.
2748 3114 2755 3122 ,

188 3131 430 3210 Quidni
490 3155 644 3216 ergo
705 3135 867 3196 hanc
926 3136 1325 3218 hypothesin,
1382 3163 1526 3222 quae
1586 3143 2003 3211 fundamento
2062 3149 2251 3231 plane
2312 3153 2692 3229 destituitur,

185 3253 459 3313 quaeque
490 3247 731 3296 naturae
777 3258 986 3298 rerum
1032 3238 1426 3319 explicandae
1473 3265 1554 3305 ne
1600 3246 1927 3310 minimum
1977 3251 2236 3331 quidem
2285 3254 2566 3332 inservit,
2602 3256 2693 3318 in·

184 3335 576 3414 eptissimam
607 3359 838 3400 vocare
869 3338 1052 3402 liceat
1084 3341 1146 3403 Sc
1175 3343 1557 3426 philosopho
1603 3369 1860 3428 prorsus
1900 3352 2243 3436 indignam.
2341 3358 2472 3435 Qui
2503 3359 2694 3424 caelos

185 3439 448 3499 materia
479 3439 673 3501 fluida
718 3441 992 3523 repletos
1039 3467 1180 3506 esse
1225 3445 1464 3521 volunt,
1499 3449 1663 3512 hanc
1710 3475 1865 3515 vero
1918 3476 2045 3532 non
2089 3458 2357 3522 inertem
2390 3484 2533 3525 6556
2563 3477 2688 3526 sta-

184 3551 409 3611 tuunt;
463 3539 527 3600 hi
573 3542 784 3603 verbis
831 3542 1060 3606 tollunt
1107 3568 1395 3623 vacuum,
1430 3572 1498 3611 re
1529 3567 1792 3631 ponunt.
1913 3556 2087 3620 Nam
2133 3582 2277 3623 cum
2325 3562 2690 3648 hujusmodi

184 3639 448 3700 materia
478 3640 671 3702 fluida
703 3643 946 3705 ratione
979 3644 1148 3707 nulla
1178 3651 1419 3711 secerni
1466 3653 1669 3732 possit
1705 3655 1786 3717 ab
1836 3656 2004 3720 inani
2052 3663 2295 3741 spatio;
2342 3665 2692 3748 disputatio

182 3751 319 3800 tota
348 3739 419 3800 fit
449 3740 530 3801 de
563 3763 770 3803 rerum
804 3745 1179 3820 nominibuS,
1214 3770 1341 3811 non
1373 3750 1456 3812 de
1489 3755 1742 3817 naturis
1837 3757 2031 3836 Quod
2063 3762 2115 3822 si
2149 3762 2342 3846 aliqui
2374 3767 2502 3830 sint
2525 3770 2691 3833 adeo

181 3861 385 3922 usque
430 3841 628 3905 dediti
675 3846 973 3921 materiae,
1009 3861 1078 3909 ut
1129 3851 1406 3930 spatium
1452 3876 1491 3914 a
1538 3857 1908 3938 corporibus
1957 3883 2227 3926 vacuum
2278 3867 2450 3931 nullo
2498 3886 2689 3953 pacto
