2846 4224
1120 98 1356 181 LIBER
1388 98 1697 146 PRIMUS.
2519 108 2598 183 89

277 264 475 346 Igitur
515 262 568 322 si
612 260 810 343 figura
854 257 1167 320 rectilinea
1207 259 1269 319 in
1299 257 1482 318 aliam
1512 259 1984 320 transmutanda
2012 273 2122 333 est,
2154 262 2378 324 sufficit
2406 279 2597 327 recta-

51 373 53 376 ”
102 403 105 406 «
159 385 309 434 rum,
355 383 394 422 a
435 359 660 441 quibus
703 357 1019 428 conflatur,
1067 356 1533 417 intersectiones
1578 357 1924 428 transferre,
1973 357 2034 417 &
2083 379 2196 438 per
2237 361 2490 421 easdem
2534 365 2596 425 in

131 461 356 542 ,figura
384 479 548 519 nova
575 455 770 516 lineas
801 467 999 514 rectas
1029 453 1272 515 ducere.
1364 454 1478 514 Sin
1523 452 1923 514 curvilineam
1967 450 2376 517 transmutare
2419 479 2598 537 opor-

157 572 261 630 tet,
303 553 731 618 transferenda
773 564 918 612 sunt
961 564 1205 630 puncta,
1252 563 1598 632 tangenteS,
1646 550 1707 611 &
1751 550 1886 612 aliae
1930 565 2130 624 rectae,
2178 574 2437 633 quarum
2481 578 2601 635 ope

156 677 344 719 curva
371 654 534 714 linea
562 651 868 713 definitur.
965 649 1234 710 Inservit
1262 662 1471 709 autem
1494 648 1611 709 hoc
1634 647 1862 709 lemma
1883 647 2171 710 solutioni
2194 650 2602 712 difficiliorum

156 751 623 835 problematum,
656 746 1128 809 transmutando
1160 746 1388 827 figuras
1418 745 1768 825 propositas
1814 747 1876 806 in
1920 746 2338 826 simpliciores,
2434 749 2602 810 Nam

30 824 47 846 Ἀ
124 865 340 914 ‘rectae
366 893 369 895 >
398 849 636 930 quaevis
695 857 1146 926 convergentes
1198 855 1686 903 transmutantur
1737 844 1798 903 in
1857 844 2194 924 parallelas,
2248 846 2604 909 adhibendo

155 972 269 1032 pro
326 949 498 1009 radio
556 947 840 1008 ordinato
898 944 1099 1024 primo
1156 941 1383 1002 lineam
1432 943 1728 1022 ,quamvis
1787 956 2032 1015 rectam,
2087 965 2228 1024 quae
2291 966 2405 1024 per
2460 945 2603 1006 con-

156 1067 399 1109 cursum
451 1043 961 1124 convergentium
1009 1041 1260 1112 transit;
1311 1040 1500 1120 idque
1551 1041 1697 1120 quia
1741 1062 2072 1101 concursus
2118 1040 2218 1102 ille
2262 1042 2378 1103 hoc
2422 1055 2605 1122 pacto

156 1146 285 1207 abit
356 1145 417 1204 in
491 1142 830 1212 infinitum;
913 1139 1092 1199 lineae
1173 1151 1381 1198 autem
1462 1137 1770 1218 parallelae
1843 1152 2002 1211 sunt,
2077 1161 2218 1219 quae
2298 1161 2604 1220 nusquam

157 1254 537 1305 concurrunt.
663 1240 1002 1318 Postquam
1060 1250 1269 1296 autem
1334 1235 1655 1315 problema
1713 1235 1974 1297 solvitur
2030 1237 2091 1296 in
2151 1237 2350 1318 figura
2407 1259 2605 1310 nova;

156 1341 208 1402 si
266 1361 378 1420 per
441 1339 718 1399 inversas
781 1336 1175 1415 operationes
1239 1347 1684 1395 transmutetur
1754 1333 1888 1394 haec
1953 1334 2150 1415 figura
2214 1336 2275 1394 in
2344 1335 2605 1416 figuram

156 1439 432 1520 primam,
467 1436 796 1498 habebitur
824 1433 1049 1495 solutio
1080 1434 1357 1513 quaesita.

273 1535 448 1598 Utile
488 1548 584 1596 est
623 1535 810 1595 etiam
855 1533 973 1593 hoc
1016 1531 1246 1593 lemma
1291 1533 1352 1591 in
1398 1530 1705 1592 solutione
1749 1528 2087 1591 solidorum
2131 1528 2602 1610 problematum.

161 1635 327 1695 Nam
372 1634 615 1714 quoties
660 1632 801 1692 duae
846 1631 1153 1691 sectiones
1190 1629 1420 1690 conicae
1457 1629 1842 1699 obvenerint,
1876 1649 2137 1707 quarum
2175 1628 2608 1688 intersectione

154 1731 473 1814 problema
515 1730 673 1793 solvi
719 1743 941 1810 potest,
975 1741 1388 1788 transmutare
1433 1725 1575 1787 licet
1619 1748 1830 1786 earum
1875 1725 2248 1798 alterutram,
2286 1726 2337 1786 si
2383 1726 2605 1805 hyper-

153 1829 295 1893 bola
345 1831 425 1891 sit
475 1828 574 1891 vel
627 1827 935 1909 parabola,
991 1829 1052 1888 in
1098 1826 1381 1907 ellipsin:
1431 1825 1660 1886 deinde
1711 1823 1942 1904 ellipsis
1993 1823 2171 1885 facile
2223 1837 2496 1884 mutatur
2546 1825 2607 1884 in

154 1927 460 1991 circulum.
582 1929 780 1988 Recta
826 1928 973 2024 item
1028 1927 1088 1987 &
1135 1925 1328 1986 sectio
1379 1924 1607 1994 conica,
1663 1923 1724 1983 in
1777 1923 2232 1985 constructione
2284 1922 2606 2003 planorum

51 2055 55 2058 ·
120 2031 123 2033 ’
154 2026 622 2109 problematum,
656 2039 986 2087 vertuntur
1016 2026 1076 2085 in
1110 2037 1341 2085 rectam
1374 2023 1434 2083 &
1464 2021 1772 2084 circulum.

347 2247 349 2249 ’
413 2231 1038 2315 PROPOSITIO
1106 2253 1348 2313 XXV.
1467 2252 2026 2313 PROBLEMA
2096 2252 2348 2311 XVII.

168 2422 230 2481 T
221 2420 606 2502 rajectorz'am
648 2419 982 2492 describere,
1014 2440 1150 2498 quae
1173 2425 1297 2497 per
1336 2417 1483 2477 data
1526 2417 1645 2477 duo
1673 2425 1912 2496 puncta
1956 2395 2261 2491 Zransz'bz't,
2299 2417 2380 2480 ὦ*
2423 2421 2611 2475 rectas

889 2538 1010 2591 tres
1037 2530 1342 2610 continget
1354 2529 1655 2608 positione
1680 2529 1867 2591 datas
2604 2509 2608 2511 Α

272 2709 390 2770 Per
439 2729 804 2770 concursum
857 2707 1249 2789 tangentium
1301 2727 1450 2785 qua·
1556 2737 1565 2747 ·

157 2807 387 2867 rumvis
433 2807 696 2867 duarum
750 2827 892 2866 cum
944 2827 1012 2865 se
1062 2805 1344 2874 invicem,
1394 2803 1454 2863 ἃ

156 2924 516 2965 concursum
548 2904 861 2986 tangentis
893 2902 1090 2963 tertiae
1122 2911 1262 2962 cum
1289 2916 1457 2963 recta

155 2991 271 3073 illa,
318 3023 458 3082 quae
503 3024 616 3082 per
658 3014 889 3081 puncta
932 3000 1058 3061 duo
1099 3000 1246 3059 data
1292 3013 1454 3060 tran-

157 3099 250 3170 sit,
323 3121 442 3180 age
522 3113 752 3160 rectam
835 3098 1183 3169 infinitam;
1260 3119 1460 3177 eaque

157 3195 432 3256 adhibita
489 3218 602 3276 pro
661 3196 835 3257 radio
894 3195 1181 3256 ordinato
1239 3195 1458 3274 primo,

158 3305 599 3355 transmutetur
650 3295 863 3375 figura,
918 3316 1030 3374 per
1080 3293 1309 3354 lemma
1360 3315 1459 3352 su-

158 3392 377 3470 periuS,
432 3393 492 3452 in
541 3392 803 3473 figuram
857 3412 1101 3452 novam.
1222 3392 1295 3449 In
1349 3390 1464 3450 hac

158 3486 354 3569 figura
410 3500 737 3571 tangentes
798 3488 916 3550 illae
981 3489 1124 3549 duae
1194 3488 1469 3548 evadent

158 3585 273 3648 sibi
345 3586 609 3647 invicem
682 3584 1006 3666 parallelae,
1070 3585 1131 3646 &
1203 3598 1467 3666 tangens

160 3683 339 3748 tertia
382 3683 489 3744 fiet
531 3683 823 3764 parallela
867 3698 1050 3746 rectae
1091 3705 1204 3762 per
1240 3696 1471 3763 puncta

161 3779 284 3841 duo
313 3780 460 3843 data
491 3783 848 3843 transeunti.
943 3782 1145 3843 Sunto
1189 3782 1229 3841 h
1253 3782 1289 3853 z',
1337 3782 1428 3842 kl
1469 3787 1797 3858 tangentes
1836 3771 1951 3831 illae
1990 3771 2130 3830 duae
2169 3764 2489 3848 parallelae,
2529 3762 2611 3824 ik
