2846 4224
1138 124 1392 187 LEGES
1422 125 1697 174 MOTUS.
2558 152 2587 191 2
2601 150 2633 208 7

199 308 564 371 progressus
607 287 785 347 cunei
829 287 1171 349 secundum
1215 285 1794 347 determinationem
1841 286 1937 346 vis
1980 308 2019 347 a
2061 286 2284 350 malleo
2328 290 2389 350 in
2434 292 2635 371 ipsum

200 386 532 465 impressae,
578 383 660 444 ad
710 382 1102 445 velocitatem
1154 404 1278 462 qua
1320 396 1528 462 partes
1572 382 1723 464 ligni
1768 384 1998 444 cedunt
2039 405 2251 457 cune0,
2297 389 2635 451 secundum

198 485 392 546 lineas
436 482 711 544 faciebus
754 483 932 544 cunei
974 479 1532 562 perpendiculares.
1629 483 1717 543 Et
1758 504 1873 562 par
1906 494 2003 543 est
2031 481 2187 544 ratio
2218 485 2636 548 machinarum

201 582 494 645 omnium.
1067 578 1072 582 ⁴

319 680 567 740 Harum
597 677 870 739 efficacia
900 677 961 738 &
1002 698 1153 738 usus
1198 676 1261 737 in
1304 698 1382 737 eo
1425 675 1560 738 solo
1590 676 1884 748 consistit,
1916 689 1986 736 ut
2028 676 2431 740 diminuendo
2468 678 2635 742 velo-

199 779 448 840 citatem
495 797 833 857 augeamus
884 775 1029 846 vim,
1085 774 1146 835 &
1189 787 1444 836 contra:
1503 776 1696 836 Unde
1743 773 2004 836 solvitur
2050 775 2111 835 in
2149 777 2317 837 omni
2354 789 2640 856 aptorum

119 871 124 875 ’
202 877 744 937 instrumentorum
793 893 1025 954 genere
1076 870 1411 951 problema,
1464 873 1710 933 Datum
1744 873 1994 953 pondus
2041 873 2190 933 data
2241 874 2309 934 vz‘
2349 876 2639 951 movendi,

200 972 466 1033 aliamve
516 971 727 1031 datam
779 970 1193 1031 resistentiam
1245 970 1309 1030 vi
1356 970 1504 1031 data
1554 971 1904 1050 superandi.
2001 971 2171 1031 Nam
2228 972 2282 1032 si
2340 974 2641 1035 machinae

202 1073 287 1132 ita
335 1071 690 1141 formentur,
737 1081 806 1128 ut
855 1067 1216 1129 velocitates
1268 1068 1511 1149 agentis
1564 1068 1625 1128 &
1669 1069 2009 1130 resistentis
2054 1071 2178 1130 sint
2220 1071 2530 1150 reciproce
2573 1084 2643 1132 ut

201 1169 404 1239 vires;
455 1189 651 1249 agens
690 1167 1101 1227 resistentiam
1138 1166 1468 1227 sustinebit
1499 1189 1511 1227 :
1566 1167 1627 1227 &
1656 1168 1874 1248 majori
1905 1190 2045 1228 cum
2083 1167 2480 1229 velocitatum
2517 1169 2638 1230 dis-

200 1266 462 1347 paritate
513 1264 777 1325 eandem
829 1264 1051 1325 vincet.
1163 1264 1350 1324 Certe
1400 1265 1453 1324 si
1505 1277 1678 1324 tanta
1716 1266 1797 1326 sit
1846 1265 2245 1327 velocitatum
2296 1268 2639 1348 disparitaS,

199 1377 270 1424 ut
325 1364 608 1423 vincatur
664 1363 852 1422 etiam
911 1363 1261 1424 resistentia
1318 1364 1534 1435 omniS,
1589 1385 1731 1444 quae
1782 1377 1911 1425 tam
1963 1387 2042 1425 ex
2100 1366 2530 1447 contiguorum
2583 1366 2644 1427 &

203 1463 360 1523 inter
405 1483 473 1522 se
520 1460 858 1521 labentium
903 1483 1230 1541 corporum
1275 1462 1605 1533 attritione,
1639 1484 1827 1542 quam
1873 1485 1952 1524 ex
1990 1464 2421 1525 continuorum
2467 1465 2527 1525 &
2563 1466 2643 1525 ab

202 1561 467 1622 invicem
518 1559 1004 1639 separandorum
1056 1561 1407 1622 cohaesione
1460 1561 1521 1621 &
1572 1559 2018 1622 elevandorum
2070 1562 2449 1642 ponderibus
2500 1564 2643 1624 oriri

201 1657 391 1729 solet;
457 1670 748 1736 superata
798 1658 967 1718 omni
1018 1681 1094 1719 ea
1151 1660 1513 1730 resistentia,
1568 1660 1663 1720 vis
1723 1659 2077 1720 redundans
2136 1658 2643 1721 accelerationem

200 1770 406 1817 motus
457 1757 574 1816 sibi
626 1755 1166 1836 proportionalem,
1221 1758 1445 1837 partim
1500 1758 1560 1818 in
1612 1759 1889 1838 partibus
1938 1757 2255 1830 machinae,
2305 1759 2529 1837 partim
2583 1759 2644 1819 in

200 1877 457 1936 corpore
516 1856 841 1916 resistente
906 1856 1222 1935 producet.
1346 1857 1658 1918 Caeterum
1720 1857 2141 1918 mechanicam
2200 1870 2461 1918 tractare
2520 1880 2644 1918 non

199 1968 296 2015 est
342 1954 524 2036 hujus
566 1955 840 2039 instituti.
940 1955 1135 2014 Hisce
1165 1952 1334 2014 volui
1379 1968 1620 2015 tantum
1665 1956 2008 2027 ostendere,
2042 1977 2229 2035 quam
2273 1954 2396 2017 late
2435 1969 2646 2037 pateat

201 2075 513 2133 quamque
544 2067 710 2113 certa
740 2054 819 2113 sit
855 2052 956 2113 lex
987 2052 1168 2113 tertia
1206 2066 1427 2113 motus.
1525 2053 1693 2112 Nam
1731 2054 1783 2113 si
1821 2054 2162 2114 aestimetur
2197 2054 2438 2135 agentis
2483 2055 2643 2115 actio

201 2175 280 2213 ex
332 2153 464 2233 ejus
512 2152 575 2212 vi
629 2151 689 2212 &
735 2150 1064 2212 velocitate
1116 2151 1523 2230 conjunctim;
1593 2150 1653 2211 &
1703 2151 1983 2213 similiter
2029 2152 2369 2212 resistentis
2417 2154 2645 2213 reactio

201 2251 542 2312 aestimetur
593 2251 966 2332 conjunctim
1018 2270 1097 2309 ex
1155 2249 1289 2329 ejus
1341 2249 1609 2327 partium
1667 2249 2048 2330 singularum
2100 2248 2530 2310 velocitatibus
2583 2250 2643 2310 &

202 2349 435 2409 viribus
483 2350 807 2410 resistendi
856 2348 935 2409 ab
982 2368 1194 2408 earum
1242 2347 1569 2418 attritione,
1618 2347 1984 2430 cohaesione,
2023 2348 2313 2427 pondere,
2354 2348 2414 2409 &
2449 2348 2639 2410 accel-

200 2448 476 2508 eratione
535 2447 849 2517 oriundis;
908 2459 1088 2506 erunt
1139 2446 1299 2506 actio
1354 2446 1414 2505 &
1466 2447 1707 2518 reactio,
1766 2447 1826 2506 in
1878 2447 2045 2507 omni
2099 2447 2643 2508 instrumentorum

201 2568 333 2620 usu,
388 2546 505 2605 sibi
559 2546 823 2605 invicem
871 2566 1119 2623 semper
1169 2543 1456 2624 aequales,
1554 2545 1641 2605 Et
1692 2558 1998 2625 quatenus
2051 2546 2211 2605 actio
2263 2559 2644 2627 propagatur

201 2666 313 2724 per
363 2645 862 2704 instrumentum.
891 2642 951 2702 &
1008 2641 1223 2703 ultimo
1273 2643 1643 2723 imprimitur
1694 2645 1755 2704 in
1807 2665 2031 2723 corpus
2090 2666 2275 2704 omne
2334 2645 2639 2716 resistenS,

201 2742 334 2821 ejus
414 2739 630 2802 ultima
713 2742 1146 2803 determinatio
1223 2741 1723 2803 determinationi
1801 2742 2127 2804 reactionis
2202 2764 2450 2822 semper
2527 2744 2643 2804 erit

201 2852 518 2899 contraria.
