2846 4224
1085 92 1322 161 LIBER
1355 93 1662 142 PRJMch.
1839 90 1844 94 ·
2499 118 2576 176 93

59 246 64 256 ³
150 253 1481 328 ELLECJLEBG,AFadLIut
1526 255 1679 315 CH
1713 254 1983 317 adBG.
2079 256 2198 316 Est
2242 257 2469 330 itidem,
2502 281 2581 320 ex

151 369 370 418 natura
403 353 746 414 sectionum
791 350 1157 423 conicarum,
1197 353 1328 412 LI
1349 374 1461 412 seu
1501 353 1648 412 CK
1668 353 1749 412 ad
1786 353 1843 412 C
1856 354 1927 412 D
1969 366 2038 413 ut
2087 355 2144 414 C
2153 355 2224 413 D
2266 355 2346 414 ad
2395 357 2450 415 C
2466 357 2551 416 H
2561 384 2584 428 ,-

45 446 52 453 ’
150 466 339 534 atque
357 451 499 512 ideo
517 472 596 511 ex
619 471 803 529 aequo
826 450 1182 529 perturbate
1203 450 1272 509 A
1295 450 1368 508 F
1384 449 1466 509 ad
1506 451 1562 510 C
1572 451 1643 509 D
1663 462 1733 509 ut
1767 450 1824 510 C
1834 451 1906 509 D
1933 450 2014 509 ad
2043 447 2204 511 BG.
2256 452 2329 525 Q.
2353 453 2430 513 E.
2453 454 2538 513 D.

270 550 466 613 Corol.
524 569 572 609 1.
627 547 797 607 Hinc
826 547 878 607 si
909 560 1238 629 tangentes
1282 547 1424 607 duae
1467 548 1538 607 F
1556 547 1629 619 G,
1660 547 1800 621 PQ
1846 547 2244 627 tangentibus
2281 547 2585 626 parallelis

44 621 55 635 η’
150 649 307 722 AF,
337 649 403 708 B
414 647 475 708 6
501 658 825 708 occurrant
855 646 915 705 in
946 646 1015 705 F
1036 644 1096 705 &
1132 645 1205 716 G,
1236 646 1301 704 Ρ
1331 644 1391 705 &
1426 644 1498 719 Q,
1530 666 1723 724 seque
1754 656 1970 705 mutuo
1999 657 2212 704 secent
2241 644 2302 703 in
2337 645 2434 714 0,-
2472 646 2588 709 erit

39 771 41 773 ·
154 768 234 808 ex
263 767 445 826 aequo
474 744 833 824 perturbate
864 742 932 802 A
958 743 1029 802 F
1060 741 1142 802 ad
1185 743 1251 802 B
1270 742 1327 817 Q
1372 754 1442 802 ut
1482 743 1551 802 A
1575 743 1638 802 Ρ
1680 741 1761 802 ad
1790 743 1855 802 B
1879 742 1951 813 G,
1986 741 2046 802 ἃ
2076 741 2324 801 divisim
2355 754 2424 801 ut
2451 743 2520 801 F
2525 743 2590 802 Ρ

38 887 45 893 --
126 843 234 906 'ad
270 844 329 904 G
353 843 424 918 Q,
456 854 645 922 atque
676 841 818 902 ideo
847 853 917 900 ut
943 841 1082 901 FO
1112 840 1191 900 ad
1227 841 1283 900 O
1312 840 1385 900 G.

271 942 469 1002 Corol.
522 961 576 1002 2.
629 939 822 1000 Unde
867 940 1054 1000 etiam
1100 951 1283 999 rectae
1328 938 1469 998 duae
1512 939 1577 998 Ρ
1600 938 1673 1009 6,
1704 936 1775 997 F
1789 938 1862 1013 Q,
1895 959 2007 1017 per
2049 950 2277 1017 puncta
2318 939 2383 998 Ρ
2419 937 2478 998 &
2513 938 2587 1009 6,

153 1040 303 1102 F&
348 1039 421 1115 Q,
453 1038 671 1109 ductae,
711 1049 1079 1099 concurrent
1120 1036 1202 1096 ad
1247 1049 1478 1096 rectam
1522 1036 1591 1096 A
1620 1036 1753 1097 CB
1795 1057 1907 1117 per
1948 1048 2226 1097 centrum
2271 1036 2485 1118 figurae
2530 1036 2592 1098 &

153 1152 383 1220 puncta
411 1149 806 1199 contactuum
836 1136 925 1207 A,
957 1136 1023 1195 B
1051 1147 1491 1195 transeuntem.

962 1352 1391 1413 LEMMA
1506 1352 1788 1412 XXV.

155 1508 239 1569 Si
258 1504 850 1588 parallelogrammi
888 1504 1085 1565 latera
1127 1513 1400 1585 quatuor
1425 1504 1673 1585 infinite
1695 1502 2003 1584 producta
2048 1509 2314 1582 tangant
2352 1502 2590 1562 section-

236 1630 326 1669 em
374 1626 793 1687 quamcunque
840 1604 1120 1676 conicum,
1179 1606 1260 1669 ὅ
1308 1603 1754 1664 abscindantur
1800 1602 1888 1662 ad
1932 1609 2271 1682 tangentem
2318 1601 2596 1680 quamvis

236 1706 519 1788 quintam
536 1731 560 1776 ,·
615 1710 955 1765 sumantur
999 1710 1203 1763 autem
1261 1704 1533 1763 laterum
1574 1701 1932 1782 quorumvis
1973 1701 2239 1760 duorum
2283 1700 2593 1759 contermi-

237 1825 463 1865 norum
511 1802 779 1863 abscissa·
826 1802 1171 1862 terminata·
1219 1802 1309 1861 ad
1349 1801 1611 1881 angulos
1652 1801 1944 1881 oppositos
1977 1799 2597 1881 parallelogrammi:

237 1902 366 1963 dico
407 1902 573 1982 quod
606 1900 862 1961 abscissa
903 1902 1216 1961 alterutra
1258 1901 1343 1960 sit
1382 1900 1471 1959 ad
1507 1900 1674 1960 latus
1708 1899 1880 1959 illua'
1899 1920 1940 1958 a
1967 1920 2083 1978 quo
2111 1905 2198 1958 est
2223 1898 2492 1968 abscissa,
2524 1904 2600 1956 ut

222 2009 388 2083 pars
425 1999 637 2060 lateris
673 1999 939 2059 >alterius
979 1997 1347 2059 contermini
1384 1998 1552 2057 inter
1582 2004 1890 2077 punctum
1941 2004 2247 2057 contactus
2300 1998 2381 2061 ὣ*
2430 1996 2598 2056 latus

241 2099 493 2161 tertium
521 2105 606 2159 est
631 2097 721 2157 ad
742 2098 1145 2158 absczksarum
1174 2098 1452 2158 alteram.

270 2252 566 2332 Tangant
595 2247 1150 2331 parallelogrammi
1181 2248 1340 2309 ML
1364 2249 1503 2308 JK
1523 2246 1715 2308 latera
1746 2259 2011 2327 quatuor
2039 2245 2218 2315 ML,
2244 2244 2392 2315 JK,
2424 2243 2506 2304 K
2515 2244 2594 2314 L,

155 2352 248 2412 M
257 2353 306 2422 I
341 2350 679 2412 sectionem
724 2349 1000 2410 conicam
1047 2349 1107 2409 in
1152 2349 1242 2420 A,
1266 2349 1347 2422 B,
1381 2349 1444 2419 C,
1470 2349 1554 2419 D,
1589 2347 1650 2408 &
1694 2359 1862 2407 secet
1905 2358 2169 2426 tangens
2211 2343 2427 2423 quinta
2455 2342 2524 2400 F
2539 2341 2595 2415 Q

166 3693 300 3760 haec
348 3693 540 3755 latera
571 3694 652 3774 ,in
701 3696 777 3767 F,
811 3694 885 3770 Q,
917 3693 1003 3754 H
1040 3692 1102 3753 &
1150 3692 1220 3752 E
1233 3718 1258 3763 ,·
1323 3702 1646 3751 sumantur
1694 3700 1904 3748 autem
1948 3683 2208 3745 laterum
2258 3683 2352 3743 M
2359 3682 2415 3752 J,
2468 3680 2606 3740 Κ]

166 3792 454 3854 abscissae
498 3794 678 3864 ME,
719 3793 800 3853 K
816 3793 890 3868 Q,
937 3790 1037 3852 vel
1095 3789 1356 3850 laterum
1407 3788 1487 3848 K
1502 3788 1580 3856 L,
1622 3786 1787 3845 ML
1842 3782 2131 3870 abscissae
2175 3780 2355 3848 KH,
2395 3777 2487 3835 M
2499 3777 2567 3834 F
2582 3801 2599 3835 .-
