2852 4250
198 107 321 167 432
999 85 1116 135 DE
1147 85 1431 138 MUNDJ
1464 86 1824 138 SYSTEMA
1834 87 1934 138 TE
2094 86 2100 92 ·
2694 0 2780 123 ³

2756 145 2778 185 J

292 241 459 303 Haec
489 240 705 303 omnia
736 239 828 301 ita
858 260 929 301 se
960 238 1215 312 habent,
1249 260 1330 301 ex
1361 237 1703 320 hypothesi
1734 237 1910 321 quod
1941 236 2036 301 sol
2070 237 2133 301 &
2162 253 2331 304 terra
2361 242 2714 325 quiescunt,
2759 236 2779 243 ²

184 342 246 404 8c
275 339 430 404 luna
463 355 756 423 tempore
790 339 1100 422 synodico
1131 338 1379 400 dierum
1415 355 1495 417 27
1528 337 1660 400 hor.
1706 356 1739 418 7
1772 339 1918 404 min.
1943 359 2025 420 43
2061 339 2426 406 revolvitur.
2547 345 2714 410 Cum
2796 375 2800 378 ’

174 455 390 505 autem
438 441 740 524 periodus
786 439 1094 523 synodica
1137 437 1374 500 lunaris
1423 460 1575 500 vere
1628 438 1713 500 sit
1758 439 2007 502 dierum
2043 441 2289 519 29⁴hor.
2334 463 2404 504 12
2449 443 2512 507 &
2557 447 2708 511 min.
2797 434 2800 469 ⁷

175 563 276 622 44,
329 542 566 626 «augeri
616 541 860 603 debent
920 551 1393 602 momentorum
1460 537 1853 600 incrementa
1927 540 1990 602 in
2066 541 2314 604 ratione
2380 546 2707 627 temporiS,
2801 601 2803 618 ,

174 643 239 705 id
293 655 408 718 est,
461 642 523 703 in
585 641 831 703 ratione
901 641 1144 718 108085
1157 659 1190 717 3
1246 637 1329 699 ad
1392 657 1702 701 1000000.
1826 638 1976 702 Hoc
2015 653 2204 723 pacto
2251 641 2712 709 incrementum
2806 722 2807 725 Ἴ

174 755 396 817 totum,
448 742 623 824 quod
676 753 814 803 erat
865 762 1013 822 pars
1063 738 1240 807 ῑέθ-ῗτ
1273 739 1582 801 momenti
1641 738 1998 814 mediocriS,
2051 742 2189 824 jam
2250 741 2362 805 fiet
2420 744 2710 829 ejusdem

183 869 330 930 pars
359 846 548 915 ι-ἒθὲπ.
663 845 951 926 Ideoque
998 855 1395 906 momentum
1442 864 1610 905 areae
1665 843 1727 905 in
1778 844 2169 926 quadratura
2212 844 2383 910 lunae
2450 850 2573 912 erit
2624 852 2709 915 ad

184 947 320 1031 ejus
352 959 748 1010 momentum
795 945 859 1007 in
909 946 1176 1029 syzygia
1213 958 1284 1006 ut
1344 963 1728 1025 11023-50
1774 946 1857 1007 ad
1917 961 2313 1028 11023-1-50,
2347 970 2460 1011 seu
2503 969 2706 1034 10973

182 1047 264 1109 ad
349 1065 589 1127 11073;
647 1046 709 1108 ἃ
753 1046 835 1108 ad
912 1046 1050 1130 ejus
1126 1057 1541 1118 momentum,
1598 1046 1707 1108 ubi
1768 1045 1920 1108 luna
1981 1046 2043 1108 in
2098 1046 2223 1112 alio
2276 1050 2506 1132 quovis
2567 1051 2710 1118 loco
2813 1103 2816 1116 .

182 1146 560 1208 intermedio
604 1147 671 1207 P
713 1158 1019 1218 versatur,
1069 1158 1140 1207 ut
1194 1162 1398 1225 10973
1446 1144 1530 1207 ad
1586 1146 2025 1226 10973÷Pd,
2059 1149 2377 1213 existente
2407 1151 2709 1218 videlicet

192 1247 331 1308 ΤΡ
359 1244 590 1330 aequali
634 1267 768 1310 100.

269 1353 448 1415 Area
501 1353 710 1435 igitur,
759 1373 953 1433 quam
1001 1349 1152 1412 luna
1201 1350 1381 1413 radio
1433 1350 1516 1412 ad
1565 1363 1799 1413 terram
1846 1350 2041 1414 ducto
2086 1350 2352 1436 singulis
2399 1355 2705 1437 temporis

179 1452 503 1536 particulis
557 1451 912 1535 aequalibus
964 1453 1282 1525 describit,
1335 1466 1435 1514 est
1483 1474 1676 1534 quam
1710 1452 2002 1534 proxime
2046 1466 2118 1515 ut
2161 1475 2414 1516 summa
2458 1459 2758 1521 numeri·'

183 1561 411 1634 219,46
446 1554 507 1617 &
538 1554 714 1616 sinus
745 1553 916 1616 versi
947 1552 1288 1636 duplicatae
1321 1554 1644 1616 distantiae
1670 1553 1837 1616 lunae
1871 1575 1909 1614 a
1954 1553 2344 1636 quadratura
2388 1558 2699 1637 proxima,
2796 1600 2802 1602 -

179 1657 241 1718 in
289 1655 521 1719 circulo
566 1657 745 1740 cujus
791 1655 1005 1717 radius
1038 1668 1137 1717 est
1167 1654 1393 1717 unitaS.
1492 1655 1659 1717 Haec
1693 1655 1779 1716 ita
1803 1677 1873 1717 se
1906 1655 2147 1717 habent
2192 1656 2301 1718 ubi
2334 1657 2603 1721 variatio
2637 1660 2700 1722 in

176 1758 536 1821 octantibus
582 1770 681 1820 est
726 1756 1185 1840 magnitudinis
1233 1756 1586 1820 mediocris,
1680 1756 1797 1818 Sin
1830 1756 2100 1819 variatio
2132 1757 2216 1819 ibi
2250 1758 2454 1842 major
2482 1759 2566 1822 sit
2595 1759 2698 1824 vel
2806 1775 2808 1780 ’

177 1859 397 1933 minor,
432 1858 651 1942 augeri
684 1858 879 1920 debet
909 1855 1012 1919 vel
1047 1857 1243 1919 minui
1275 1857 1452 1918 sinus
1486 1855 1589 1919 ille
1620 1879 1845 1919 versus
1879 1858 1942 1919 in
1976 1856 2208 1920 eadem
2240 1859 2502 1923 ratione.

408 2157 1055 2220 PROPOSITIO
1137 2156 1482 2221 XXVII.
1584 2157 2165 2221 PROBLEMA
2246 2161 2474 2225 VIII.

437 2315 553 2375 Ex
580 2322 751 2376 motu
781 2313 1042 2376 lzorario
1074 2315 1247 2376 lunae
1275 2313 1558 2376 invenire
1588 2314 1787 2397 ipsius
1814 2314 2190 2378 dz'slantiam
2220 2338 2261 2378 a
2293 2325 2484 2381 lerra.

257 2498 449 2572 Area,
486 2521 679 2581 quam
711 2498 861 2560 luna
893 2499 1071 2562 radio
1117 2499 1199 2562 ad
1226 2513 1459 2562 terram
1492 2501 1687 2563 ducto
1711 2500 1978 2585 singulis
2011 2503 2319 2585 temporis
2352 2506 2692 2569 momentis

168 2599 482 2674 describit,
534 2614 634 2661 est
678 2613 749 2662 ut
808 2614 1020 2663 motus
1066 2600 1354 2664 horarius
1400 2600 1567 2665 lunae
1620 2602 1682 2664 ἃ
1728 2603 2111 2686 quadratum
2154 2605 2476 2668 distantiae
2523 2605 2693 2671 lunae

168 2725 206 2763 a
251 2715 420 2764 terra
468 2704 855 2787 conjunctim
884 2730 895 2779 ;
946 2704 1007 2767 &
1038 2719 1380 2787 propterea
1410 2705 1713 2768 distantia
1753 2705 1921 2769 lunae
1954 2729 1992 2769 a
2024 2719 2191 2770 terra
2222 2721 2321 2770 est
2352 2709 2414 2770 in
2448 2710 2692 2775 ratione

167 2805 521 2886 composita
544 2828 625 2867 ex
657 2804 1102 2888 subduplicata
1135 2806 1379 2869 ratione
1411 2829 1578 2870 areae
1610 2807 1850 2871 directe
1876 2809 1939 2871 &
1969 2808 2415 2893 subduplicata
2439 2812 2686 2876 ratione

167 2918 377 2967 motus
409 2906 639 2969 horarii
674 2907 941 2969 inverse.
1039 2907 1115 2983 Q.
1144 2908 1225 2971 E.
1252 2908 1310 2970 I.

260 3011 460 3073 Corol.
522 3032 569 3073 1.
627 3011 803 3073 Hinc
847 3011 1036 3072 datur
1094 3008 1262 3072 lunae
1311 3011 1624 3074 diameter
1675 3034 2036 3095 apparens:
2108 3013 2347 3097 quippe
2401 3037 2547 3097 quae
2607 3014 2691 3078 sit

170 3115 491 3197 reciproce
537 3128 607 3176 ut
640 3115 838 3196 ipsius
885 3114 1188 3177 distantia
1219 3137 1258 3176 a
1289 3128 1471 3178 terra.
1570 3115 1856 3178 Tentent
1886 3116 2237 3179 astronomi
2272 3138 2463 3199 quam
2490 3115 2692 3199 probe

163 3217 303 3279 haec
327 3215 547 3300 regula
577 3238 720 3277 cum
752 3216 1192 3297 phaenomenis
1225 3229 1547 3300 congruat.

261 3319 463 3380 Corol.
506 3339 556 3380 2.
612 3317 787 3378 Hinc
819 3317 1012 3378 etiam
1044 3317 1217 3380 orbis
1249 3316 1486 3380 lunaris
1517 3318 1871 3381 accuratius
1904 3340 1985 3381 ex
2017 3317 2459 3401 phaenomenis
2491 3341 2682 3402 quam
2787 3391 2790 3394 y
2851 3319 2852 3322 ’

166 3418 437 3481 antehac
468 3418 716 3480 definiri
749 3430 977 3499 potest.
