2852 4250
212 119 337 180 320
1045 103 1161 153 DE
1195 104 1315 155 Mo
1324 105 1434 155 TU
1459 105 1764 157 CORPOR
1777 106 1890 157 ΗΜ

202 266 368 350 fugis
400 267 630 349 quibus
662 267 986 350 particulae
1018 282 1436 350 systematum
1469 291 1538 332 se
1570 283 1792 333 mutuo
1822 271 2082 354 agitant,
2116 273 2346 354 partim
2377 297 2459 338 ex
2494 299 2707 340 occur-

198 367 374 428 sibus
441 367 503 429 &
551 367 1000 430 reflexionibus
1060 367 1508 449 particularum
1572 368 1634 430 &
1692 369 1967 450 partium
2029 373 2355 455 majorum.
2477 376 2710 440 Prioris

201 478 416 527 autem
456 467 710 549 generis
763 468 1136 530 resistentiae
1183 481 1332 530 sunt
1372 469 1454 529 ad
1502 469 1774 531 invicem
1821 482 1892 532 ut
1920 472 2090 533 vires
2135 484 2288 535 totae
2333 476 2628 539 motrices
2673 500 2713 540 a

201 566 432 647 quibus
484 567 784 639 oriuntur,
842 567 905 628 id
958 581 1070 641 est,
1128 581 1198 628 ut
1249 568 1417 629 vires
1471 581 1624 630 totae
1678 568 2146 634 acceleratrices
2209 573 2271 635 &
2323 577 2712 656 quantitates

201 666 483 727 materiae
530 666 591 726 in
634 666 918 746 partibus
965 666 1647 747 correspondentibus;
1697 668 1817 731 hoc
1863 684 1962 732 est
2011 670 2152 753 (per
2195 673 2606 760 hypothesin)
2641 691 2714 739 ut

200 767 510 847 quadrata
569 766 977 828 velocitatum
1039 767 1278 829 directe
1340 768 1402 829 &
1461 770 1789 834 distantiae
1834 774 2280 854 particularum
2342 800 2709 861 correspon-

200 867 486 928 dentium
520 867 771 927 inverse
804 866 865 927 &
897 867 1285 947 quantitates
1333 869 1614 931 materiae
1649 871 1710 931 in
1743 874 2029 952 partibus
2067 878 2711 957 correspondentibus

198 966 480 1027 directe:
536 965 808 1046 ideoque
862 988 1005 1027 cum
1058 966 1377 1029 distantiae
1430 969 1878 1049 particularum
1932 977 2296 1055 systematis
2344 979 2528 1040 unius
2581 981 2709 1043 sint

197 1065 280 1126 ad
317 1065 649 1126 distantias
681 1066 1252 1147 correspondentes
1298 1069 1745 1148 particularum
1788 1072 2060 1148 alteriuS,
2096 1090 2166 1138 ut
2210 1077 2704 1162 diameter-par-

198 1162 405 1226 ticulae
458 1163 561 1227 vel
621 1166 818 1246 partis
873 1167 934 1227 in
991 1180 1339 1249 systemate
1398 1170 1609 1250 priore
1662 1172 1743 1233 ad
1798 1173 2178 1237 diametrum
2233 1177 2557 1258 particulae
2602 1178 2705 1242 vel

196 1263 392 1344 partis
430 1264 984 1345 correspondentis
1033 1268 1095 1328 in
1142 1267 1357 1342 altero,
1393 1270 1455 1332 &
1501 1272 1889 1353 quantitates
1937 1277 2219 1338 materiae
2264 1278 2391 1339 sint
2435 1291 2507 1340 ut
2550 1279 2704 1341 den-

196 1364 417 1426 sitates
459 1365 732 1445 partium
766 1366 827 1428 &
858 1367 1000 1428 cubi
1047 1369 1541 1446 diametrorum;
1590 1374 1965 1438 resistentiae
2012 1391 2160 1439 sunt
2190 1379 2273 1440 ad
2320 1379 2591 1443 invicem
2638 1395 2709 1444 ut

197 1464 507 1544 quadrata
538 1464 944 1528 velocitatum
994 1468 1055 1530 &
1100 1471 1411 1552 quadrata
1456 1473 1909 1536 diametrorum
1945 1476 2006 1538 &
2037 1477 2387 1541 densitates
2432 1482 2706 1561 partium
2747 1488 2751 1492 ’

196 1577 631 1644 systematum.
730 1566 803 1642 Q.
843 1568 924 1631 E.
973 1569 1057 1632 D.
1158 1570 1531 1634 Posterioris
1576 1575 1830 1655 generis
1878 1577 2256 1641 resistentiae
2301 1572 2451 1643 sunt
2494 1595 2566 1644 ut
2611 1605 2704 1646 re-

196 1662 541 1751 flexionum
595 1668 1226 1747 correspondentium
1283 1674 1527 1734 numeri
1583 1674 1644 1735 &
1698 1676 1865 1738 vires
1920 1679 2320 1760 conjunctim.
2436 1681 2705 1745 Numeri

194 1775 410 1824 autem
471 1764 885 1827 reflexionum
946 1784 1094 1831 sunt
1146 1771 1229 1831 ad
1291 1773 1563 1835 invicem
1619 1788 1687 1836 ut
1740 1775 2112 1840 velocitates
2166 1781 2439 1861 partium
2500 1805 2702 1847 corre-

194 1863 647 1943 spondentium
696 1867 951 1945 directe,
987 1869 1048 1930 &
1094 1874 1299 1953 spatia
1344 1874 1507 1936 inter
1566 1898 1783 1937 earum
1827 1878 2204 1943 reflexiones
2251 1883 2518 1948 inverse.
2619 1886 2708 1948 Et

193 1962 363 2023 vires
417 1964 830 2028 reflexionum
877 1983 1026 2031 sunt
1070 1986 1140 2033 ut
1194 1971 1564 2036 velocitates
1620 1977 1681 2038 &
1728 1979 2201 2061 magnitudines
2249 1982 2310 2044 &
2357 1984 2706 2048 densitates

193 2061 467 2141 partium
515 2068 1148 2147 correspondentium
1197 2074 1621 2156 conjunctim;
1670 2077 1732 2137 id
1780 2090 1895 2153 est,
1931 2091 2001 2139 ut
2045 2079 2415 2145 velocitates
2465 2084 2527 2146 &
2572 2086 2703 2147 dia-

193 2173 539 2223 metrorum
594 2166 735 2227 cubi
793 2167 854 2228 ἃ
907 2169 1257 2233 densitates
1312 2175 1601 2254 partium.
1702 2178 1791 2240 Et
1843 2179 2196 2261 conjunctis
2257 2183 2355 2245 his
2409 2186 2705 2248 omnibus

193 2261 559 2339 rationibuS,
596 2266 972 2330 resistentiae
1018 2271 1292 2350 partium
1341 2278 1973 2357 correspondentium
2021 2295 2168 2344 sunt
2204 2283 2285 2344 ad
2333 2284 2605 2348 invicem
2636 2300 2708 2350 ut

193 2361 503 2440 quadrata
534 2362 940 2429 velocitatum
975 2369 1035 2431 Sc
1083 2371 1395 2452 quadrata
1426 2374 1879 2440 diametrorum
1928 2379 1989 2441 ἃ
2035 2381 2383 2446 densitates
2429 2388 2704 2468 partium

192 2460 593 2542 conjunctim.
692 2465 766 2540 Q.
803 2468 885 2529 E.
923 2470 1008 2531 D.

313 2560 514 2623 Corol.
563 2584 608 2625 1.
658 2564 861 2647 Igitur
891 2569 942 2629 si
976 2585 1326 2651 systemata
1359 2574 1462 2637 illa
1493 2577 1621 2639 sint
1653 2579 1847 2642 fluida
1877 2581 2007 2644 duo
2038 2581 2296 2646 elastica
2326 2587 2407 2648 ad
2441 2588 2704 2651 modum

192 2658 373 2736 aeri5‚
409 2660 470 2721 &
515 2676 728 2743 partes
760 2688 980 2729 eorum
1028 2672 1357 2752 quiescant
1389 2676 1554 2739 inter
1582 2701 1652 2740 se
1686 2703 1697 2741 :
1746 2703 2011 2762 corpora
2056 2698 2270 2770 autem
2302 2687 2431 2753 duo
2477 2689 2706 2753 similia

194 2756 256 2818 &
319 2760 604 2839 partibus
658 2764 995 2830 fluidorum
1072 2775 1285 2853 quoad
1318 2779 1827 2860 magnitudinem
1882 2782 1944 2844 ἃ
1996 2784 2380 2848 densitatem
2439 2811 2700 2872 propor-

191 2856 465 2935 tionalia,
501 2859 562 2921 8c
595 2862 758 2925 inter
787 2882 1000 2947 partes
1034 2870 1169 2934 illas
1216 2875 1505 2939 similiter
1534 2881 1757 2960 posita,
1792 2884 2143 2952 secundum
2175 2884 2374 2949 lineas
2416 2888 2704 2952 similiter

190 2958 430 3037 positas
463 2973 784 3044 utcunque
815 2971 1224 3052 projiciantur
1250 2998 1262 3048 ;
1308 2977 1478 3039 vires
1511 2994 1725 3043 autem
1758 2981 2249 3063 acceleratriceS,
2285 2989 2515 3069 quibus
2559 3011 2700 3071 par-

190 3055 399 3119 ticulae
453 3059 790 3125 fluidorum
851 3090 921 3130 se
982 3086 1204 3136 mutuo
1253 3077 1515 3158 agitant,
1572 3081 1699 3143 sint
1760 3096 1829 3144 ut
1877 3105 2213 3165 corporum
2272 3089 2698 3171 projectorum

189 3156 482 3219 diametri
533 3161 798 3237 inverse,
834 3166 896 3228 ἃ
942 3172 1253 3250 quadrata
1283 3175 1693 3241 velocitatum
1742 3182 2025 3247 directe:
2074 3208 2339 3268 corpora
2384 3188 2489 3251 illa
2540 3203 2697 3253 tem-

188 3258 448 3339 poribus
480 3265 1057 3342 proportionalibus
1090 3272 1327 3336 similes
1359 3279 1728 3343 excitabunt
1760 3297 1969 3346 motus
2017 3285 2081 3348 in
2127 3287 2351 3363 fluidis,
2388 3289 2449 3352 &
2494 3289 2700 3373 spatia

187 3357 416 3420 similia
446 3382 519 3421 ac
551 3361 875 3427 diametris
908 3370 1036 3431 suis
1067 3368 1564 3453 proportionalia
1594 3381 1972 3447 describent.

308 3459 507 3523 Corol.
565 3482 617 3523 2.
679 3463 953 3530 Proinde
1000 3471 1062 3531 in
1120 3474 1350 3536 eodem
1404 3478 1600 3543 fluido
1653 3484 1980 3567 projectile
2028 3485 2219 3550 velox
2272 3490 2694 3555 resistentiam

184 3559 438 3640 patitur,
473 3583 618 3642 quae
649 3577 747 3626 est
779 3566 840 3627 in
873 3568 1193 3650 duplicata
1225 3577 1468 3640 ratione
1501 3580 1854 3646 velocitatis
1887 3607 2080 3667 quam
2118 3590 2422 3669 proxime.
2520 3593 2694 3655 Nam

185 3659 237 3719 si
279 3660 463 3733 vireS,
506 3663 735 3743 quibus
784 3668 1109 3747 particulae
1156 3673 1468 3739 distantes
1514 3702 1583 3742 se
1625 3696 1847 3747 mutuo
1898 3687 2159 3769 agitant,
2201 3705 2587 3773 augerentur
2632 3694 2695 3755 in

183 3757 504 3840 duplicata
542 3762 784 3826 ratione
823 3765 1193 3845 velocitatiS‚
1229 3776 1587 3841 resistentia
1624 3782 1788 3846 soret
1827 3786 1889 3847 in
1931 3787 2158 3850 eadem
2198 3790 2442 3853 ratione
2487 3791 2691 3874 dupli-

184 3873 327 3922 cata
372 3875 703 3940 accurate;
767 3866 1041 3951 ideoque
1089 3871 1150 3933 in
1199 3875 1429 3953 medi0‚
1486 3881 1662 3963 cujus
1717 3898 1929 3964 partes
1990 3887 2072 3949 ab
2126 3888 2398 3953 invicem
2452 3890 2690 3954 distan-
