2852 4250
1137 138 1374 186 LIBER
1407 135 1716 185 PRIMUS.
2535 157 2556 196 1
2572 157 2602 196 2
2617 153 2648 213 7

205 295 358 369 sunt*
394 315 718 366 nascentes
762 300 1077 384 particulae
1119 300 1388 372 Dsz,
1434 300 1483 359 I
1504 299 1663 371 CK,
1697 298 1758 359 &
1793 319 2074 358 arearum
2122 298 2185 357 V
2192 299 2384 369 Dca,
2433 299 2496 357 V
2510 300 2655 360 CX

205 402 476 484 aequales
520 423 768 482 semper
809 413 956 461 sunt
997 411 1323 460 nascentes
1366 395 1682 477 particulae
1724 397 1997 469 Dch,
2042 397 2120 456 X
2145 397 2202 457 C
2228 397 2302 470 Y,
2350 397 2467 456 erit
2509 419 2654 458 area

202 502 417 583 genita
476 501 539 561 V
550 500 672 560 Db
694 521 735 558 a
779 495 1035 577 aequalis
1079 517 1242 557 areae
1275 494 1507 576 genitae
1559 494 1623 553 V
1633 494 1684 553 I
1705 493 1769 564 C,
1803 493 2073 574 ideoque
2091 494 2367 573 tempori
2398 515 2652 573 propor-

203 597 464 670 tionaliS,
499 597 559 658 &
594 617 739 657 area
778 595 992 676 genita
1051 595 1114 654 V
1122 595 1303 654 Dca
1347 590 1604 672 aequalis
1635 592 1858 652 sectori
1887 593 2103 674 genito
2150 592 2213 651 V
2227 592 2283 652 C
2299 592 2387 652 X.
2426 588 2429 589 ⁷
2486 592 2655 653 Dato

203 698 391 778 igitur
440 709 721 774 tempore
771 692 995 773 quovis
1047 713 1127 752 ex
1178 713 1304 771 quo
1355 712 1578 770 corpus
1631 690 1915 751 discessit
1965 691 2046 751 de
2096 689 2233 751 loco
2294 690 2362 762 V,
2410 689 2658 750 dabitur

203 817 348 855 area
399 794 515 874 ipsi
566 789 1043 872 proportionalis
1112 790 1176 850 V
1183 791 1255 850 D
1276 791 1381 861 ba,
1437 789 1497 850 8c
1550 789 1696 850 inde
1754 789 2011 849 dabitur·
2060 789 2334 869 corporis
2393 787 2656 849 altitudo

44 877 53 882 ο
105 933 110 938 -
209 894 266 954 C
279 894 351 953 D
379 890 479 953 vel
515 891 572 952 C
586 891 670 962 I‚·
700 889 761 950 &
790 909 934 948 area
985 888 1048 947 V
1055 889 1251 959 Dea,
1285 888 1468 968 eique
1512 885 1768 968 aequalis
1813 901 2018 949 sector
2077 887 2139 947 V
2158 887 2214 948 C
2230 887 2307 946 X
2347 907 2472 945 una
2516 906 2656 945 cum

0 1997 19 2295 ‘'Q'.UW(*'W·
0 1754 25 1993 '’VWW.

4 3718 33 3804 ⁴55⁶&
0 3619 31 3712 κρήνη*
8 3533 30 3613 ‘seb
0 3421 29 3516 tm?
2 3332 30 3405 1312

6 4103 43 4250 φεμ
14 4076 20 4079 =
12 4031 13 4034 „
11 3983 14 3986 ⁴
2 3942 29 3957 '.'
4 3819 34 3921 7³:⁴35.

100 3056 103 3057 ⁷
198 3082 334 3121 rum
386 3081 424 3119 a
474 3071 687 3119 centro
733 3058 1044 3137 reciproce
1089 3079 1343 3138 propor-

202 993 335 1073 ejus
364 987 594 1072 angulo
640 989 703 1048 V
718 988 840 1049 CI.
937 987 1121 1048 Datis
1152 1001 1360 1049 autem
1385 986 1614 1068 angulo
1661 987 1723 1046 V
1738 987 1854 1047 CI
1879 985 1939 1046 &
1969 984 2294 1045 altitudine
2331 984 2447 1044 CI
2469 983 2654 1044 datur

201 1089 371 1151 locus
401 1090 457 1161 I,
491 1089 552 1148 in
584 1109 710 1168 quo
740 1107 961 1166 corpus
992 1084 1303 1165 completo
1334 1084 1437 1146 illo
1467 1099 1749 1165 ternpore
1779 1084 2133 1164 reperietur.
2227 1082 2301 1157 Q.
2330 1082 2411 1142 E.
2435 1082 2491 1142 I.
2622 1099 2626 1103 ·

319 1189 515 1250 Corol.
561 1208 606 1247 1.
663 1185 832 1245 Hinc
877 1185 1164 1245 maximae
1211 1185 1609 1264 minimaeque
1654 1204 1981 1263 corporum
2026 1180 2397 1252 altitudineS,
2431 1181 2494 1240 id
2541 1193 2651 1252 est,

199 1287 449 1367 apsides
494 1284 979 1366 trajectoriarum
1016 1282 1308 1362 expedite
1350 1283 1610 1343 inveniri
1642 1294 1919 1362 possunt.
2013 1281 2177 1341 Sunt
2206 1280 2371 1340 enim
2403 1279 2653 1359 apsides

199 1398 430 1466 puncta
474 1382 575 1444 illa
619 1383 681 1443 in
727 1382 953 1462 quibus
985 1395 1151 1442 recta
1180 1383 1230 1441 I
1249 1382 1306 1442 C
1330 1403 1443 1461 per
1472 1396 1752 1443 centrum
1784 1381 1970 1441 ducta
2002 1378 2215 1439 incidit
2245 1378 2651 1458 perpendicu-

199 1481 409 1544 lariter
447 1483 508 1543 in
550 1479 962 1563 trajectoriam
1031 1479 1094 1538 V
1102 1481 1151 1539 I
1165 1480 1246 1539 K
1258 1506 1276 1541 .·
1330 1480 1400 1540 id-
1444 1480 1616 1560 quod
1662 1480 1731 1541 fit
1789 1480 1894 1540 ubi
1955 1491 2140 1539 rectae
2191 1477 2330 1537 JK
2376 1477 2436 1537 &
2486 1477 2662 1537 NK

199 1593 540 1662 aequantur,
573 1579 840 1659 ideoque
870 1577 974 1638 ubi
1005 1599 1150 1638 area
1178 1578 1246 1637 A
1270 1579 1422 1638 BF
1432 1579 1504 1638 D
1532 1577 1789 1659 aequalis
1820 1591 1916 1639 est
1949 1578 1994 1638 Z
2027 1577 2092 1638 Z.

319 1679 515 1739 Corol.
554 1698 605 1737 2.
657 1676 787 1737 Sed
833 1675 893 1736 &
937 1673 1201 1756 angulus
1244 1676 1325 1735 K
1334 1677 1384 1736 l
1393 1677 1490 1751 N,
1538 1677 1599 1736 in
1646 1698 1772 1757 quo
1816 1675 2164 1758 trajectoria
2214 1673 2435 1734 alicubi
2489 1686 2657 1734 secat

199 1778 425 1840 lineam
458 1775 623 1837 illam
667 1777 715 1835 I
731 1775 796 1846 C,
830 1796 910 1835 ex
953 1775 1102 1835 data
1145 1776 1419 1855 corporis
1464 1775 1790 1837 altitudine
1827 1777 1874 1835 I
1893 1777 1949 1837 C
1982 1773 2275 1854 expedite
2308 1774 2652 1844 invenitur;

175 1876 486 1937 nimirum
530 1873 834 1955 capiendo
878 1873 1082 1933 sinum
1127 1873 1261 1954 ejus
1306 1874 1386 1934 ad
1433 1875 1672 1935 radium
1718 1888 1787 1935 ut
1829 1876 1910 1935 K
1922 1875 2005 1935 N
2042 1874 2122 1934 ad
2167 1873 2313 1943 JK,
2349 1871 2410 1932 id
2443 1884 2553 1943 est,
2587 1885 2656 1931 ut

203 1968 255 2037 Ζ
285 1975 365 2036 ad
396 1973 556 2035 latus
588 1973 959 2054 quadratum
991 1993 1152 2032 areae
1185 1973 1252 2031 A
1280 1973 1345 2032 B
1366 1974 1436 2033 F
1443 1975 1527 2035 D.

319 2073 517 2134 Corol.
557 2092 609 2149 3.
661 2071 730 2131 Si
783 2083 996 2132 centro
1053 2070 1110 2130 C
1158 2069 1218 2130 ἃ
1269 2072 1501 2132 vertice
1551 2070 1872 2153 principali
1934 2072 1997 2131 V
2038 2070 2424 2131 describatur
2463 2068 2655 2129 sectio

201 2170 495 2252 quaelibet
534 2170 748 2230 conica
808 2169 870 2228 V
883 2170 949 2229 R
970 2169 1035 2240 S,
1085 2168 1145 2229 &
1196 2191 1233 2229 a
1285 2171 1509 2249 quovis
1561 2172 1694 2253 ejus
1739 2182 1971 2251 puncto
2016 2170 2081 2230 R
2125 2180 2348 2250 agatur
2391 2180 2655 2248 tangens

198 2271 265 2331 R
298 2270 360 2329 Τ
393 2289 718 2330 occurrens
763 2267 863 2327 axi
907 2266 1162 2328 infinitae
1206 2289 1345 2347 pro-

199 2369 387 2429 ducto
444 2367 500 2427 C
533 2367 596 2426 V
639 2366 699 2426 in
752 2378 983 2445 puncto
1047 2366 1110 2425 T
1121 2393 1145 2437 ‚·
1202 2367 1346 2427 dein

189 2468 408 2550 juncta
458 2466 595 2527 CR
646 2464 907 2524 ducatur
965 2476 1133 2524 recta
1196 2466 1252 2525 C
1268 2466 1344 2536 P,

199 2588 341 2647 quae
399 2563 655 2645 aequalis
714 2564 795 2623 sit
845 2563 1137 2624 abscissae
1195 2564 1252 2624 C
1277 2565 1344 2635 T,

198 2663 620 2746 angulumque
667 2663 729 2722 V
735 2663 855 2723 CP
884 2662 1106 2723 sectori
1154 2663 1217 2722 V
1222 2663 1278 2723 C
1280 2664 1347 2723 R

197 2759 721 2844 proportionalem
780 2761 1151 2833 constituat;
1212 2774 1343 2822 ten-

198 2863 307 2923 dat
377 2874 586 2921 autem
650 2859 731 2920 ad
790 2873 1070 2920 centrum
1142 2860 1199 2921 C
1249 2860 1345 2920 vis
1420 2877 1460 2916 'r

197 2961 539 3040 centripeta
596 2958 756 3020 cubo
814 2958 1127 3020 distantiae
1179 2957 1341 3020 loco·

1419 2723 1461 2759 V

198 3156 458 3230 tionaliS,
492 3156 553 3218 &
595 3169 779 3217 exeat
822 3178 1045 3236 corpus
1090 3156 1171 3217 de
1210 3155 1346 3219 loco
1423 3166 1456 3204 C

216 3257 279 3317 V
317 3257 489 3338 justa
538 3277 679 3316 curn
738 3254 1068 3317 velocitate
1127 3277 1342 3317 secun-

199 3354 350 3415 dum
401 3352 627 3415 lineam
672 3367 857 3415 rectae
904 3355 961 3415 C
988 3355 1051 3414 V
1081 3376 1342 3435 perpen-

204 3450 581 3513 dicularem:
642 3452 1078 3534 progredietur
1142 3476 1365 3534 corpus
1435 3453 1583 3515 illud
1646 3455 1706 3515 in
1767 3457 2118 3537 trajectoria
2193 3457 2256 3516 V
2264 3456 2405 3530 PQ
2471 3477 2658 3535 quam

204 3562 502 3630 punctum
531 3551 596 3610 P
623 3563 927 3630 perpetuo
959 3552 1161 3634 tangit
1187 3574 1203 3624 3
1236 3552 1506 3633 ideoque
1536 3553 1587 3613 si
1620 3554 1834 3614 conica
1864 3554 2058 3615 sectio
2098 3554 2227 3613 VR
2237 3554 2293 3613 S
2319 3552 2660 3633 hyperbola

199 3648 295 3720 sit,
344 3648 686 3709 descendet
738 3649 903 3710 idern
956 3650 1036 3710 ad
1082 3663 1403 3711 centrum:
1478 3651 1573 3711 sin
1626 3673 1702 3712 ea
1753 3651 1984 3732 ellipsis
2029 3653 2122 3723 sit,
2170 3640 2467 3712 ascendet
2511 3649 2658 3710 illud

203 3759 508 3827 perpetuo
539 3746 599 3807 &
628 3747 824 3808 abibit
854 3748 916 3808 in
949 3747 1274 3810 infinitum.
1370 3748 1458 3808 Et
1488 3761 1719 3823 contra,
1753 3750 1804 3809 si
1850 3770 2074 3828 corpus
2120 3769 2488 3828 quacunque
2519 3769 2658 3807 cum

198 3842 527 3906 velocitate
585 3858 769 3906 exeat
826 3846 907 3907 de
966 3845 1103 3907 loco
1178 3848 1247 3919 V,
1311 3846 1371 3907 81
1429 3847 1689 3926 perinde
1747 3860 1816 3906 ut
1875 3847 2199 3926 incoeperit
2257 3846 2355 3906 vel
2409 3845 2659 3925 oblique

1542 3342 1581 3390 Q
