2852 4250
1110 152 1347 200 LIBER
1382 150 1798 200 SECUNDUS.
2545 173 2620 227 29
2629 171 2658 229 5
2750 119 2754 122 ⁴

241 298 382 359 ideo
426 311 707 379 tempora
748 299 980 359 directe
1025 299 1085 359 &
1114 297 1474 358 velocitates
1519 295 1827 373 reciproce
1870 307 2015 354 sunt
2058 308 2126 354 ut
2169 297 2468 374 quadrata
2510 312 2661 359 tem-

206 417 474 474 porum,
537 396 598 457 8c
632 409 981 475 propterea
1031 395 1407 474 quantitates
1452 392 1727 452 materiae
1770 404 1915 451 sunt
1957 403 2027 450 ut
2068 392 2231 451 vires
2276 395 2560 455 motrices
2605 396 2665 456 Sc

235 493 539 571 quadrata
598 505 963 571 temporum,
1032 491 1095 550 id
1175 502 1286 560 est,
1357 501 1427 548 ut
1486 487 1765 567 pondera
1824 487 1883 546 &
1942 487 2245 566 quadrata
2300 501 2661 568 temporum.

238 589 310 662 Q.
331 589 413 650 E.
434 590 519 649 D.

351 685 547 746 Corol.
606 706 652 746 1.
708 686 985 764 Ideoque
1014 685 1065 744 si
1097 696 1378 763 tempora
1407 695 1551 742 sunt
1583 680 1860 762 aequalia,
1893 682 2269 762 quantitates
2300 684 2572 743 materiae
2603 685 2663 743 in

231 780 489 863 singulis
519 783 877 861 corporibus
907 794 1088 842 erunt
1117 793 1186 840 ut
1214 780 1506 859 pondera.

350 879 544 940 Corol.
599 899 650 939 2.
701 879 770 938 Si
816 878 1093 957 pondera
1136 889 1282 936 sunt
1326 875 1603 956 aequalia,
1651 877 2026 956 quantitates
2067 878 2340 938 materiae
2381 890 2559 938 erunt
2598 891 2666 938 ut

230 977 533 1057 quadrata
561 989 924 1055 temporum.

347 1073 542 1133 Corol.
594 1093 646 1150 3.
698 1073 767 1132 Si
812 1072 1189 1151 quantitates
1234 1071 1508 1131 materiae
1554 1084 1893 1150 aequantur,
1940 1073 2217 1151 pondera
2278 1086 2457 1133 erunt
2515 1074 2660 1132 reci-

229 1190 413 1248 proce
442 1181 511 1228 ut
540 1168 840 1248 quadrata
870 1181 1235 1247 temporum.

347 1265 540 1325 Corol.
589 1285 644 1340 4.
699 1265 890 1325 Unde
934 1286 1074 1324 cum
1105 1263 1407 1343 quadrata
1451 1276 1815 1342 temporum,
1847 1265 2084 1324 caeteris
2129 1265 2399 1343 paribuS‚
2432 1265 2555 1325 sint
2598 1278 2666 1325 ut

229 1360 646 1442 longitudines
695 1360 1141 1441 pendulorum;
1187 1361 1239 1421 si
1291 1360 1351 1421 &
1402 1373 1684 1439 tempora
1730 1361 1789 1421 &
1835 1362 2212 1440 quantitates
2265 1362 2538 1421 materiae
2583 1383 2661 1421 εε-

229 1458 436 1539 qualia
463 1472 623 1531 sunt,
654 1460 934 1539 pondera
963 1471 1143 1520 erunt
1171 1471 1241 1518 ut
1269 1457 1690 1539 longitudines
1721 1458 2146 1538 pendulorum.

319 1558 538 1620 .Corol.
589 1575 639 1634 5.
694 1557 782 1617 Et
810 1555 1254 1627 universaliter,
1289 1557 1601 1635 quantitas
1633 1557 1908 1616 materiae
1938 1554 2226 1635 pendulae
2267 1567 2362 1615 est
2401 1567 2469 1615 ut
2512 1576 2661 1634 pon-

227 1653 345 1714 dus
376 1652 436 1713 ἃ
466 1653 836 1733 quadratum
866 1653 1163 1731 temporis
1194 1652 1441 1723 directe,
1477 1651 1537 1711 &
1566 1650 1892 1732 longitudo
1922 1650 2174 1730 penduli
2206 1651 2463 1710 inverse.

344 1751 540 1813 Corol.
593 1756 644 1813 6.
693 1751 823 1811 Sed
857 1750 918 1811 &
948 1751 1009 1810 in
1040 1750 1248 1810 medio
1279 1771 1403 1810 non
1435 1750 1761 1810 resistente
1785 1750 2097 1827 quantitas
2129 1748 2401 1809 materiae
2432 1749 2667 1827 pendu-.

227 1846 304 1908 1ae
348 1860 444 1908 est
485 1860 555 1907 ut
598 1847 843 1927 pondus
896 1847 1387 1927 comparativum
1440 1846 1500 1907 &
1552 1847 1922 1926 quadratum
1982 1846 2278 1925 temporis
2330 1846 2559 1906 directe
2605 1846 2664 1905 Sc

222 1944 546 2026 longitudo
589 1944 843 2024 penduli
889 1946 1148 2006 inverse.
1246 1946 1414 2004 Nam
1459 1944 1704 2024 pondus
1745 1944 2233 2022 comparativum
2274 1957 2368 2003 est
2397 1944 2492 2003 vis
2534 1965 2662 2003 mo-

213 2043 345 2102 'trix
402 2043 673 2122 corporis
726 2043 787 2102 in
840 2043 1047 2103 medio
1106 2042 1326 2122 quovis
1383 2042 1578 2123 gravi,
1638 2054 1708 2101 ut
1780 2062 1968 2119 supra
2025 2039 2323 2119 explicui;
2398 2040 2662 2119 ideoque

224 2141 389 2201 idem
419 2153 675 2220 praestat
705 2141 765 2200 in
797 2139 902 2201 tali
934 2140 1140 2201 medio
1173 2161 1296 2201 non
1328 2140 1654 2200 resistente
1689 2152 1876 2219 atque
1916 2139 2160 2218 pondus
2205 2137 2553 2199 absolutum
2599 2138 2659 2197 in

220 2261 432 2300 vacuo,

340 2337 535 2396 Corol.
592 2353 640 2412 7.
695 2336 782 2396 Et
825 2336 967 2396 hinc
1011 2334 1204 2416 liquet
1249 2337 1405 2396 ratio
1450 2348 1580 2395 tum
1626 2334 2024 2414 comparandi
2070 2355 2326 2412 corpora
2370 2334 2528 2393 inter
2570 2354 2655 2404 se,

222 2432 430 2512 quoad
474 2433 882 2511 quantitatem
927 2433 1201 2492 materiae
1247 2433 1308 2491 in
1353 2430 1646 2512 singulis;
1722 2444 1854 2490 tum
1927 2430 2323 2509 comparandi
2381 2429 2659 2508 pondera

221 2527 500 2608 ejusdem
560 2529 831 2607 corporis
891 2529 953 2588 in
1005 2529 1268 2589 diversis
1327 2526 1492 2598 lociS‚
1553 2527 1634 2587 ad
1694 2526 2190 2607 cognoscendam
2248 2526 2654 2586 variationem

216 2625 552 2706 gravitatis,
667 2625 875 2685 Factis
933 2638 1141 2686 autem
1201 2625 1640 2704 experimentis
1686 2645 1873 2703 quam
1917 2623 2387 2683 accuratissimis
2446 2622 2654 2682 inveni

218 2742 466 2800 semper
507 2721 915 2801 quantitatem
974 2722 1249 2782 materiae
1295 2721 1355 2781 in
1401 2720 1759 2799 corporibus
1819 2717 2076 2800 singulis
2135 2740 2347 2779 eorum
2395 2717 2653 2797 ponderi

218 2815 738 2897 proportionalem
769 2838 921 2878 esse.

472 3011 1096 3074 PROPOSITIO
1175 3014 1420 3074 XXV.
1547 3012 2143 3073 THEOREMA
2224 3012 2394 3071 XX.

221 3160 494 3238 Corpora
542 3162 986 3241 Funependula
1034 3164 1266 3243 quibus,
1322 3163 1392 3223 in
1443 3164 1631 3223 medio
1679 3163 1904 3243 quovis,
1954 3163 2266 3222 resistitur
2305 3162 2374 3220 in
2417 3160 2652 3220 ratione

297 3266 734 3318 momentorum
764 3261 1061 3338 temporis,
1086 3262 1167 3325 ὥ*
1187 3269 1439 3339 corpora
1451 3260 1879 3339 funependnla
1899 3281 2033 3339 quae
2060 3259 2127 3318 in
2156 3257 2414 3338 eq‘usdem
2431 3258 2644 3337 gravi-

297 3352 444 3412 tatis
469 3354 747 3432 specificae
772 3356 960 3415 medio
988 3378 1110 3416 non
1151 3357 1455 3417 resistente
1490 3364 1823 3427 moventur,
1855 3355 2248 3416 oscillationes
2291 3355 2358 3413 in
2401 3353 2649 3432 cycloide

295 3447 485 3507 eodem
514 3457 773 3528 tempore
794 3459 1129 3531 peragunt,
1167 3455 1247 3517 ὣ*
1288 3475 1546 3513 arcuum
1574 3461 1791 3531 partes
1818 3452 2308 3532 proportionales
2335 3451 2528 3511 simul
2549 3449 2639 3508 de-

294 3543 581 3604 scribunt.

324 3690 423 3749 Sit
452 3691 519 3750 A
541 3692 606 3750 B
633 3692 923 3770 cycloidis
954 3717 1145 3768 arCUS,
1178 3718 1364 3776 quem
1395 3719 1616 3776 corpus
1645 3699 1716 3756 D
1744 3709 2023 3775 tempore
2064 3696 2284 3774 quovis
2329 3695 2388 3752 in
2435 3692 2638 3751 medio

214 3806 335 3845 non
368 3786 691 3848 resistente
721 3788 1057 3851 oscillando
1087 3792 1391 3854 describit.
1485 3794 1801 3853 Bisecetur
1846 3792 2007 3851 idem
2055 3791 2115 3850 in
2166 3791 2229 3861 C,
2264 3790 2347 3848 ita
2375 3800 2443 3847 ut
2476 3787 2533 3846 C
2555 3787 2636 3846 sit
