2852 4250
51 371 54 379 .

7 729 39 751 ,μ

9 756 46 835 ᾖ.
76 790 79 793 ,

11 1084 15 1093 ’
6 952 31 1044 ζίπίυ
8 852 37 926 252-

1073 126 1309 175 LIBER
1343 125 1484 175 SEC
1492 127 1652 176 UND
1663 127 1760 176 US.
2495 152 2528 208 3
2539 150 2568 208 5
2579 153 2611 209 3

68 289 70 291 ’
123 311 125 313 ’
192 289 254 350 in
284 309 483 349 vacuo
511 285 804 348 describit
831 287 1100 365 spatium
1150 288 1202 347 F
1247 309 1357 347 seu
1412 307 1484 363 14
1512 287 1650 365 ped.
1693 287 1762 363 5}
1790 288 1910 367 dag.
1945 300 2223 367 tempore
2272 291 2406 367 57'''
2440 293 2613 369 58'''',

192 385 254 446 &
281 383 673 445 velocitatem
703 384 1038 443 maximam
1078 385 1338 463 acquirit
1380 405 1645 463 quacum
1688 385 1885 463 possit
1929 385 1989 443 in
2034 406 2176 444 aere
2219 386 2608 450 descendere.

197 483 340 543 Hac
383 480 713 542 velocitate
756 481 996 562 globuS,
1043 494 1323 560 tempore
1372 480 1452 540 8⁹
1517 480 1664 551 12''',
1725 481 2031 541 describet
2080 482 2345 560 spatium
2389 486 2617 562 pedum

192 597 308 658 245
371 580 432 640 &
489 579 823 660 digitorum
886 578 970 656 5³¹5·
1089 578 1291 638 Aufer
1357 581 1572 655 1‚3863
1640 578 1692 636 F
1753 599 1862 638 seu
1926 599 2004 639 20
2045 580 2180 657 ped.
2241 579 2317 644 Οὲ-
2377 582 2494 661 dzjgr.
2559 584 2618 644 &

187 681 526 742 manebunt
574 697 690 756 225
726 678 862 758 ped.
903 695 934 755 5
981 678 1099 758 dzg.
1222 678 1367 738 Hoc
1411 678 1681 756 spatium
1726 677 1912 758 igitur
1953 676 2192 759 globuS,
2226 691 2503 758 tempore
2541 682 2619 741 80

195 779 344 851 12'''‚
414 779 696 839 cadendo
752 777 1102 838 describere
1160 776 1376 836 debuit
1432 797 1544 855 per
1615 776 1931 838 theoriam.
2070 779 2414 857 Descripsit
2470 803 2619 843 vero

112 905 117 910 ’
186 878 454 958 spatium
488 898 609 938 220
637 877 869 956 pedum
901 898 1012 956 per
1046 878 1553 956 experimentum.
1680 878 2048 938 Differentia
2092 879 2458 963 insensibilis
2503 899 2612 945 est.

271 973 588 1035 Similibus
618 975 924 1054 computis
954 975 1034 1034 ad
1065 973 1334 1054 reliquos
1378 975 1564 1035 etiam
1607 973 1827 1055 globos
1859 997 2000 1035 aere
2029 975 2245 1055 plenos
2276 979 2611 1058 applicatiS‚

187 1077 420 1139 confeci
452 1075 725 1137 tabulam
755 1087 1136 1155 sequentem.

1020 1324 1211 1374 Tempora
1225 1322 1394 1362 cadendi

1060 1378 1110 1416 ab
1128 1378 1346 1416 altitudine
1533 1349 1677 1400 Spatia
1697 1349 1946 1389 describenda

2226 1379 2433 1419 Excessus.

1534 1618 1627 1663 226
1643 1617 1748 1678 ped.
1831 1634 1882 1663 11
1912 1618 2001 1678 (ἵζε.
2156 1619 2303 1679 6ped.
2383 1636 2435 1665 11
2465 1620 2557 1681 (leg.

1541 1701 1638 1746 230
1861 1701 1889 1746 9
2126 1702 2184 1732 10
2412 1702 2441 1748 9

1539 1768 1630 1815 237
1832 1769 1890 1798 10
2157 1766 2180 1812 7
2384 1769 2443 1799 10

1539 1836 1634 1882 2²4
1861 1833 1885 1881 5
2153 1836 2184 1878 4
2412 1834 2437 1883 5

1537 1903 1628 1952 225
1860 1901 1885 1948 5
2155 1901 2179 1949 5
2412 1902 2437 1950 5

1536 1973 1631 2018 230
1860 1967 1883 2014 7
2125 1971 2183 2000 10
2412 1968 2436 2015 7

291 2197 522 2275 Exper.
583 2215 670 2271 14.
723 2194 916 2255 Anno
970 2213 1142 2272 1719.
1203 2216 1417 2255 mense
1467 2191 1632 2273 Julio
1685 2195 1763 2254 D.
1816 2191 2215 2273 Desaguliers
2260 2192 2610 2273 hujusmodi

181 2295 608 2374 experimenta
667 2295 888 2355 iterum
963 2296 1139 2374 cepit,
1201 2295 1527 2355 formando
1586 2294 1823 2354 vesicas
1895 2315 2220 2372 porcorum
2279 2295 2339 2353 in
2399 2295 2611 2355 orbem

179 2395 551 2474 sphaericum
582 2418 703 2476 ope
734 2397 997 2475 sphaerae
1029 2396 1252 2477 ligneae
1297 2417 1586 2456 concavae
1631 2394 1972 2465 ambientis,
2020 2415 2205 2473 quam
2250 2395 2611 2455 madefactae

179 2492 436 2572 implere
480 2497 862 2577 cogebantur
908 2496 1179 2557 inflando
1224 2518 1464 2568 aerem;
1513 2495 1572 2555 8ε
1617 2495 1800 2554 hasce
1844 2494 2140 2554 arefactas
2188 2495 2247 2555 δε
2291 2511 2612 2575 exemptas

179 2590 567 2653 demittendo
598 2594 677 2653 ab
708 2593 924 2654 altiore
955 2593 1092 2655 loco
1126 2595 1185 2653 in
1218 2593 1431 2673 templi
1477 2594 1755 2675 ejusdem
1801 2594 1947 2652 turri
1994 2593 2256 2653 rotunda
2299 2594 2608 2666 fornicata,

179 2710 404 2770 nempe
476 2692 556 2751 ab
627 2690 951 2752 altitudine
1010 2693 1242 2771 pedum
1306 2710 1420 2769 272
1448 2717 1459 2764 ;
1536 2692 1595 2752 ἃ
1653 2692 1875 2752 eodem
1934 2693 2227 2770 temporis
2300 2707 2614 2754 momento

177 2787 564 2850 demittendo
636 2790 823 2850 etiam
890 2790 1146 2872 globum
1205 2790 1564 2870 plumbeum
1624 2792 1795 2871 cujus
1854 2791 2098 2869 pondus
2157 2804 2290 2850 erat
2349 2791 2608 2852 duarum

175 2884 466 2947 librarum
503 2887 926 2948 Romanarum
958 2889 1209 2949 circiter.
1334 2890 1419 2949 Et
1450 2890 1682 2948 interea
1725 2887 1911 2968 aliqui
1957 2901 2191 2948 stantes
2233 2889 2292 2947 in
2324 2911 2612 2968 suprema

123 3026 126 3028 ψ
179 2999 354 3065 parte
383 2985 613 3066 templi,
647 2988 751 3047 ubi
780 2986 949 3069 globi
981 2989 1478 3059 demittebantur,
1513 2989 1811 3048 notabant
1854 3001 2134 3066 tempora
2174 3001 2304 3048 tota
2334 2990 2608 3060 cadendi,

178 3082 239 3142 &
283 3082 384 3143 alii
431 3097 667 3145 stantes
715 3086 776 3145 in
824 3099 987 3146 terra
1034 3088 1333 3148 notabant
1379 3087 1787 3147 differentiam
1836 3099 2183 3164 temporum
2216 3087 2374 3147 inter
2403 3110 2609 3148 casum

174 3178 343 3260 globi
394 3180 668 3260 plumbei
723 3183 783 3243 &
835 3205 1046 3243 casum
1098 3185 1340 3244 vesicae.
1457 3183 1774 3261 Tempora
1831 3195 2038 3242 autem
2098 3185 2608 3244 mensurabantur

176 3276 459 3356 pendulis
506 3279 586 3339 ad
635 3279 894 3340 dimidia
942 3282 1179 3341 minuta
1235 3280 1508 3341 secunda
1558 3279 1989 3341 oscillantibus
2112 3280 2198 3339 Et
2248 3302 2457 3340 eorum
2503 3283 2606 3360 qui

174 3374 237 3434 in
298 3387 461 3436 terra
503 3378 754 3437 stabant
801 3399 960 3437 unus
1014 3379 1284 3438 habebat
1332 3377 1719 3458 horologium
1768 3399 1906 3436 cum
1973 3376 2200 3438 elatere
2241 3378 2318 3436 ad
2364 3379 2604 3458 singula

175 3471 412 3532 minuta
469 3474 744 3534 secunda
803 3487 1023 3554 quater
1087 3475 1404 3547 vibrante;
1479 3473 1633 3533 alius
1693 3474 1962 3533 habebat
2021 3474 2364 3533 machinam
2423 3474 2603 3533 aliam

174 3570 406 3631 affabre
452 3586 867 3633 constructam
914 3595 1053 3633 cum
1102 3572 1373 3652 pendulo
1421 3574 1607 3634 etiam
1655 3574 1734 3632 ad
1782 3572 2025 3653 singula
2072 3574 2306 3633 minuta
2335 3574 2603 3632 secunda

175 3679 394 3746 quater
438 3670 738 3731 vibrante.
835 3670 922 3729 Et
968 3670 1231 3748 similem
1281 3671 1627 3731 machinam
1687 3671 1956 3730 habebat
2012 3692 2168 3729 unus
2228 3692 2439 3730 eorum
2498 3671 2601 3749 qui

174 3765 423 3827 stabant
454 3767 516 3827 in
546 3768 903 3828 summitate
935 3766 1163 3847 templi.
1288 3769 1375 3827 Et
1419 3769 1552 3829 haec
1599 3769 2003 3828 instrumenta
2048 3769 2131 3827 ita
2166 3768 2598 3839 formabantur,

1379 3871 1411 3908 z
