2852 4250
1097 118 1335 172 LIBER
1374 121 1708 174 TERTIUS.
2490 155 2611 214 409

66 275 90 323 ἕ·
182 282 280 347 sol
339 281 401 342 &
442 277 710 360 planetae
759 299 977 340 omnes
1026 280 1341 361 gravitent
1382 280 1445 341 in
1504 303 1572 342 se
1622 295 1852 356 mutu0,
1900 285 1961 346 &
2002 302 2344 369 propterea,
2390 318 2501 375 pro
2548 301 2611 360 vi

186 378 510 464 gravitatis
539 397 687 453 suae,
719 376 1060 436 secundum
1090 375 1262 458 leges
1293 390 1498 438 motus
1527 392 1828 458 perpetuo
1858 383 2195 462 agitentur:
2227 395 2613 471 perspicuum

187 494 286 544 est
313 478 483 560 quod
514 477 734 538 horum
779 488 990 536 centra
1036 475 1288 537 mobilia
1330 498 1443 556 pro
1490 478 1703 537 mundi
1752 493 1962 540 centro
2006 483 2359 561 quiescente
2406 490 2614 552 haberi

189 587 522 658 nequeunt.
612 574 683 634 Si
727 594 950 652 corpus
982 572 1131 633 illud
1163 574 1224 633 in
1255 586 1465 634 centro
1494 573 1822 635 locandum
1853 591 2017 638 esset
2046 580 2107 638 in
2153 584 2319 660 quod
2360 603 2616 665 'corpora

187 675 397 739 omnia
452 671 722 732 maxime
777 671 1093 751 gravitant
1153 671 1266 752 (uti
1323 669 1495 751 vulgi
1554 684 1650 731 est
1706 673 1938 755 opinio)
2007 677 2394 760 privilegium
2454 685 2615 745 istud

43 848 48 853 .
189 769 656 835 concedendum
696 780 864 828 esset
909 766 1039 828 soli.
1132 768 1293 828 Cum
1341 781 1548 828 autem
1595 768 1686 829 sol
1734 785 2071 847 moveatur,
2106 774 2457 856 eligendum
2504 783 2618 842 erit

15 859 50 948 ,J
125 931 131 936 .
187 881 488 952 punctum
535 866 878 946 quiescenS‚
910 886 949 924 a
995 886 1121 944 quo
1168 878 1446 925 centrum
1494 865 1638 926 solis
1670 888 1856 946 quam
1903 871 2153 932 minime
2183 875 2458 952 discedit,
2494 880 2553 940 &
2582 903 2619 940 a

190 988 316 1048 quo
348 965 514 1026 idem
544 963 747 1024 adhuc
777 963 980 1022 minus
1010 962 1372 1035 discederet,
1404 963 1455 1023 si
1487 964 1673 1024 modo
1712 964 1804 1026 sol
1848 967 2096 1030 densior
2124 986 2287 1033 esset
2319 973 2378 1034 ἃ
2408 977 2614 1057 major,

15 1042 45 1115 i
189 1077 263 1125 ut
291 1064 494 1124 minus
524 1073 893 1122 moveretur.

433 1270 1055 1353 PRoPoslTlo
1133 1291 1360 1351 XIII.
1482 1291 2076 1357 THEOREMA
2154 1300 2376 1364 XIII.

193 1446 473 1506 Planetae
499 1450 818 1504 moventur
859 1443 928 1503 iu
971 1442 1278 1521 ellipsibus
1323 1443 1677 1502 umbilicum
1722 1444 2071 1507 habentibus
2115 1449 2183 1508 iu
2228 1459 2425 1511 centro
2461 1455 2616 1528 solis,

279 1559 362 1643 ᾧ*
416 1556 615 1617 radiis
669 1555 759 1616 ad
806 1562 1085 1615 centrum
1154 1554 1326 1615 illud
1387 1554 1583 1614 ductz's
1638 1576 1814 1616 areas
1868 1558 2211 1620 describunt
2264 1566 2622 1642 temporibus

260 1669 767 1751 proportionales

310 1833 786 1914 Disputavimus
830 1854 1019 1912 supra
1068 1832 1149 1893 de
1193 1831 1289 1892 his
1335 1832 1603 1892 motibus
1648 1854 1738 1906 ex„
1769 1834 2208 1913 phaenomeniS.
2295 1839 2436 1918 Jam
2481 1862 2621 1921 cog-

194 1934 337 1994 nitis
381 1945 661 1994 motuum
709 1932 1038 2011 principiis,
1086 1952 1165 1991 ex
1210 1930 1304 1989 his
1357 1929 1698 2011 colligimus
1750 1946 1953 1993 motus
2005 1933 2284 1996 coelestes
2333 1959 2370 1996 a
2419 1940 2617 2017 priori.

196 2031 510 2109 Quoniam
554 2030 833 2110 pondera
876 2028 1263 2109 planetarum
1310 2029 1370 2088 in
1423 2028 1616 2089 solem
1665 2044 1807 2090 sunt
1857 2032 2163 2110 reciproce
2210 2046 2278 2092 ut
2328 2036 2626 2114 quadrata

195 2130 626 2189 distantiarum
656 2150 694 2188 a
723 2141 936 2188 centro
967 2126 1147 2200 solis;
1194 2128 1244 2187 si
1293 2125 1384 2187 sol
1434 2127 1775 2206 quiesceret
1824 2128 1882 2187 ἃ
1928 2128 2193 2207 planetae
2241 2130 2455 2210 reliqui
2501 2154 2623 2193 non

195 2241 452 2309 agerent
499 2228 560 2287 in
591 2248 661 2287 se
704 2240 935 2297 mutuo,
969 2226 1172 2286 forent
1215 2226 1396 2286 orbes
1444 2247 1656 2284 eorum
1701 2225 1962 2304 elliptici,
1996 2227 2187 2287 solem
2233 2229 2294 2287 in
2340 2229 2625 2290 umbilico

195 2326 505 2386 communi
536 2325 853 2395 habenteS‚
889 2324 949 2384 &
993 2346 1155 2384 areae
1200 2324 1692 2384 describerentur
1734 2325 2111 2404 temporibus
2141 2328 2625 2405 proportionales

201 2420 336 2503 (per
391 2443 564 2502 prop.
628 2442 649 2482 1
710 2422 771 2482 &
829 2442 897 2482 XI
958 2422 1018 2481 Sc
1077 2420 1256 2481 corol.
1322 2442 1342 2480 1
1410 2442 1582 2499 prop.
1641 2441 1756 2479 xm
1814 2420 1929 2502 lib.¹
1979 2421 2031 2502 1)
2087 2425 2358 2484 actiones
2416 2440 2624 2486 autem

193 2518 581 2599 planetarum
642 2520 702 2578 in
761 2541 830 2580 se
882 2532 1097 2579 mutuo
1147 2518 1500 2598 perexiguae
1548 2531 1692 2577 sunt
1754 2517 1844 2598 (ut
1893 2520 2132 2597 possint
2178 2523 2509 2604 contemni)
2567 2523 2625 2582 ἃ

195 2633 400 2679 motus
432 2617 817 2698 planetarum
851 2618 911 2677 in
943 2617 1260 2696 ellipsibus
1292 2618 1450 2676 circa
1479 2615 1671 2677 solem
1704 2618 1992 2678 mobilem
2024 2621 2224 2679 minus
2268 2623 2628 2699 perturbant

200 2716 337 2799 (per
377 2739 549 2797 prop.
587 2737 735 2777 LXVI
779 2715 879 2778 lib.
924 2716 978 2798 1)
1029 2738 1216 2796 quam
1264 2717 1315 2776 si
1365 2729 1568 2776 motus
1621 2717 1718 2776 isti
1770 2717 1927 2776 circa
1970 2716 2162 2777 solem
2210 2720 2626 2797 quiescentem

194 2830 654 2898 peragerentur.

310 2914 499 2975 Actio
545 2915 798 2994 quidem
842 2915 1009 2996 jovis
1062 2914 1122 2973 in
1176 2926 1494 2973 saturnum
1547 2935 1669 2974 non
1716 2926 1811 2973 est
1861 2914 2112 2974 omnino
2163 2917 2625 2979 contemnenda.

201 3011 370 3071 Nam
399 3012 673 3093 gravitas
706 3012 766 3071 in
788 3013 1004 3093 jovem
1037 3025 1132 3072 est
1162 3012 1240 3071 ad
1271 3012 1641 3092 gravitatem
1675 3012 1734 3070 in
1767 3010 1958 3071 solem
1997 3012 2265 3092 (paribus
2298 3014 2622 3094 distantiis)

196 3122 266 3169 ut
326 3131 347 3169 1
409 3110 488 3169 ad
550 3116 731 3187 1067;
793 3111 1059 3190 ideoque
1111 3111 1172 3169 in
1233 3110 1662 3189 conjunctione
1711 3110 1877 3189 jovis
1931 3109 1990 3168 &
2040 3112 2289 3185 saturni,
2340 3113 2627 3190 quoniam

183 3205 488 3267 distantia
518 3208 751 3267 saturni
782 3230 819 3267 a
840 3209 991 3288 jove
1021 3221 1117 3268 est
1146 3207 1225 3267 ad
1257 3208 1613 3266 distantiam
1645 3208 1875 3266 saturni
1907 3229 1943 3266 a
1973 3207 2102 3268 sole
2131 3208 2257 3268 fere
2288 3222 2355 3268 ut
2384 3230 2423 3285 4
2453 3210 2530 3268 ad
2573 3230 2625 3284 9,

197 3304 314 3364 erit
340 3305 614 3386 gravitas
645 3306 878 3365 saturni
912 3306 972 3364 in
1005 3306 1220 3385 jovem
1252 3305 1331 3364 ad
1362 3305 1732 3384 gravitatem
1764 3306 1995 3364 saturni
2027 3306 2087 3364 in
2118 3305 2309 3365 solem
2342 3319 2409 3365 ut
2441 3309 2509 3365 81
2548 3306 2626 3365 ad

208 3405 279 3460 16
332 3421 373 3461 ><
433 3407 589 3478 1067
622 3423 731 3462 seu
773 3423 794 3461 1
851 3403 931 3462 ad
984 3423 1094 3461 211
1152 3402 1402 3461 circiter.
1500 3402 1587 3461 Et
1633 3402 1773 3461 hinc
1824 3403 2016 3462 oritur
2059 3404 2433 3481 perturbatio
2464 3403 2625 3462 orbis

198 3499 433 3558 saturni
493 3499 554 3558 in
614 3499 871 3580 singulis
931 3498 1197 3578 planetae
1258 3499 1438 3579 hujus
1498 3521 1636 3559 cum
1686 3500 1836 3580 jove
1895 3500 2416 3580 conjunctionibus
2470 3496 2626 3558 adeo

196 3595 504 3656 sensibilis
534 3609 603 3656 ut
631 3597 711 3656 ad
744 3598 1008 3657 eandem
1032 3598 1370 3658 astronomi
1402 3598 1691 3658 haereant.
1789 3598 1907 3657 Pro
1931 3598 2100 3656 vario
2130 3597 2247 3655 situ
2271 3595 2533 3674 planetae
2565 3597 2624 3654 in

184 3691 295 3752 his
326 3694 878 3773 conjunctionibUS‚
913 3696 1332 3755 eccentricitas
1365 3696 1496 3776 ejus
1543 3717 1704 3755 nunc
1748 3708 2008 3775 augetur
2051 3715 2210 3752 nunc
2254 3694 2621 3764 diminuitur,

198 3791 509 3872 aphelium
558 3816 721 3856 nunc
771 3808 1175 3874 promovetur
1220 3816 1382 3855 nunc
1431 3795 1590 3855 forte
1641 3794 1980 3865 retrahitur,
2028 3792 2087 3852 &
2138 3792 2376 3852 medius
2420 3805 2623 3853 motus
