2846 4250
167 153 290 214 510
919 134 1035 182 DE
1069 132 1355 183 MUNDI
1380 130 1848 182 SYSTEMATE

150 300 379 363 coelum
429 311 633 362 totum
681 272 820 361 luce
871 296 1022 360 solis
1071 296 1450 359 illustratum
1499 296 1898 360 uniformiter
1948 295 2302 380 splendeat.
2418 297 2660 382 Opinio

147 400 430 463 secunda
459 398 673 460 multis
714 398 1022 480 premitur
1065 395 1558 460 difficultatibus
1644 386 1901 460 'Caudae
1948 419 2276 480 nunquam
2321 398 2659 482 variegan-

149 515 251 563 tur
280 500 634 563 coloribus:
683 499 790 581 qui
823 513 1038 560 tamen
1086 497 1535 562 refractionum
1581 497 1791 561 solent
1836 519 1979 560 esse
2025 499 2291 591 comites
2338 499 2663 581 insepara-

146 599 320 663 biles,
460 600 603 661 Luic
677 598 947 659 fixarum
1009 597 1070 671 δι
1129 596 1527 679 planetarum
1603 599 1900 662 distincte
1962 599 2044 661 ad
2110 621 2226 662 nos
2287 601 2662 663 transmissa

146 700 542 762 demonstrat
571 697 852 759 medium
898 694 1158 759 coeleste
1190 696 1363 759 nulla
1410 699 1474 759 vi
1527 698 1860 762 refractiva
1906 698 2163 782 pollere.
2265 699 2439 770 Nam
2486 701 2660 783 quod

147 800 375 862 dicitur
447 798 605 859 fixas
664 798 747 859 ab
805 796 1144 879 AEgyplz‘zls·
1195 811 1476 860 comatas
1553 802 2010 882 nonnunquam
2072 801 2244 862 visas
2303 800 2514 876 fuisse,
2578 802 2662 878 id,

145 900 445 982 quoniam
508 897 825 959 rarissime
892 886 1246 981 contingit,
1283 900 1729 962 ascribendum
1791 915 1890 963 est
1961 901 2225 963 nubium
2297 901 2657 965 refractioni

145 1000 434 1063 fortuitae.
534 998 838 1059 Fixarum
871 1019 1128 1079 quoque
1161 998 1428 1060 radiatio
1462 998 1523 1060 &
1561 999 1923 1064 scintillatio
1954 1002 2036 1062 ad
2070 1002 2480 1065 refractiones
2526 1017 2662 1066 tum

145 1099 470 1172 oculorum
524 1113 658 1160 tum
709 1098 871 1160 aeris
927 1097 1177 1159 tremuli
1232 1099 1583 1161 referendae
1627 1114 1832 1163 sunt:
1898 1102 2138 1183 quippe
2188 1124 2333 1184 quae
2382 1103 2658 1167 admotis

145 1200 329 1264 oculo
355 1199 711 1282 telescopiis
736 1213 1146 1261 evanescunt.
1229 1200 1422 1261 Ae'ris
1449 1200 1511 1262 &
1535 1202 2018 1264 ascendentium
2043 1226 2355 1285 vaporum
2382 1218 2659 1269 tremore

143 1302 230 1377 fit,
266 1314 336 1363 ut
367 1301 524 1362 radii
556 1299 738 1362 facile
770 1300 852 1361 de
885 1313 1164 1383 angusto
1195 1299 1453 1381 pupillae
1500 1301 1708 1382 spatio
1754 1324 1871 1383 per
1914 1303 2088 1364 vices
2134 1303 2658 1386 detorqueantur,

141 1403 223 1464 de
254 1401 475 1465 latiore
506 1415 719 1464 autem
766 1402 913 1463 vitri
960 1401 1258 1484 objectivi
1306 1415 1606 1482 apertura
1651 1402 2038 1484 neutiquam.
2139 1404 2301 1466 Inde
2347 1419 2446 1467 est
2484 1391 2658 1489 quod
2724 1463 2730 1467 .
2804 1468 2813 1473 .

141 1502 498 1565 scintillatio
548 1503 610 1563 in
661 1502 850 1584 priori
901 1524 1050 1563 casu
1099 1515 1457 1585 generetur,
1512 1502 1572 1563 in
1621 1503 1974 1583 posteriore
2024 1518 2237 1567 autem
2289 1521 2535 1571 cesset:
2599 1508 2661 1571 &

140 1607 409 1668 cessatio
442 1606 504 1666 in
537 1605 885 1686 posteriore
918 1626 1066 1665 casu
1100 1604 1499 1666 demonstrat
1531 1601 1887 1686 regularem
1922 1606 2469 1670 transmissionem
2502 1607 2659 1671 lucis

139 1728 254 1787 per
301 1706 495 1769 coelos
549 1706 685 1767 sine
734 1705 907 1767 om-ni
947 1705 1322 1766 refractione
1368 1702 1668 1766 sensibili.
1788 1704 2039 1787 Nequis
2087 1708 2438 1770 contendat
2483 1711 2657 1792 quod

139 1807 359 1868 caudae
403 1828 528 1868 non
571 1805 819 1868 soleant
871 1806 1075 1867 videri
1127 1805 1189 1865 in
1240 1805 1524 1877 cometiS,
1560 1827 1703 1866 cum
1751 1827 1972 1867 eorum
2022 1804 2131 1867 lux
2182 1828 2308 1869 non
2357 1822 2456 1870 est
2503 1811 2658 1873 satis

136 1910 331 1981 fortiS,
366 1909 515 1989 quia
545 1921 694 1969 tunc
744 1907 901 1967 radii
953 1906 1307 1968 secundarii
1357 1928 1483 1968 non
1537 1907 1777 1969 habent
1825 1908 1979 1969 satis
2026 1909 2255 1970 virium
2303 1910 2385 1971 ad
2436 1910 2657 1974 oculos

138 2010 512 2085 movendOS‚
571 2010 632 2070 δι
688 2022 1028 2090 propterea
1089 2008 1324 2069 caudas
1380 2008 1647 2070 fixarum
1705 2031 1831 2071 non
1887 2010 2105 2072 cerni:
2175 2011 2505 2074 sciendum
2559 2027 2659 2076 est

131 2111 306 2194 quod
359 2109 467 2170 lux
522 2110 795 2171 fixarum
850 2109 992 2191 plus
1049 2123 1303 2171 centum
1359 2110 1605 2171 vicibus
1668 2112 1887 2194 augeri
1952 2126 2166 2193 potest
2221 2113 2655 2177 mediantibus

134 2212 511 2293 telescopiiS,
569 2232 684 2274 nec
737 2225 950 2272 tamen
1008 2211 1229 2273 caudae
1292 2227 1655 2274 cernuntur.
1779 2212 2184 2276 Planetarum
2235 2238 2493 2299 quoque
2547 2216 2656 2279 lux

136 2314 447 2397 copiosior
499 2327 611 2386 est,
646 2313 866 2375 caudae
913 2336 1068 2375 vero
1119 2312 1348 2376 nullae:
1418 2329 1686 2377 cometae
1739 2330 1953 2378 autem
2008 2339 2182 2398 saepe
2224 2319 2654 2382 caudatissimi

134 2429 297 2488 sunt,
332 2415 438 2476 ubi
471 2415 748 2495 capitum
780 2413 889 2475 lux
937 2415 1147 2476 tenuis
1194 2428 1293 2477 est
1343 2415 1404 2477 8z
1450 2415 1642 2478 valde
1688 2417 1933 2479 obtusa.
2030 2418 2138 2479 Sic
2185 2419 2355 2480 enim
2403 2433 2656 2483 cometa

133 2517 279 2578 anni
322 2519 497 2587 1680,
534 2538 752 2577 mense
805 2517 1144 2589 Decembri,
1183 2539 1312 2599 quo
1363 2531 1653 2598 tempore
1702 2531 1895 2599 caput
1942 2517 2083 2580 luce
2133 2542 2250 2580 sua
2295 2520 2406 2581 vix
2438 2544 2651 2604 aequa-

132 2618 241 2679 bat
277 2616 489 2679 stellas
532 2618 830 2679 secundae
874 2619 1349 2701 magnitudiniS,
1386 2620 1655 2680 caudam
1703 2620 2037 2682 emittebat
2082 2619 2424 2701 splendore
2474 2638 2651 2685 nota-

137 2717 246 2779 bili
279 2740 482 2799 usque
528 2717 608 2778 ad
659 2718 899 2799 gradus
942 2739 1042 2796 40,
1082 2737 1176 2797 50,
1214 2724 1297 2780 60
1346 2719 1448 2780 vel
1503 2738 1581 2798 70
1627 2719 2042 2802 longitudinis
2077 2721 2138 2782 ἃ
2179 2720 2382 2784 ultra:
2429 2738 2655 2804 postea

135 2820 298 2897 Jcm.
339 2839 415 2898 27
451 2819 511 2880 &
552 2822 628 2880 28
663 2833 854 2901 caput
902 2822 1254 2901 apparebat
1296 2835 1366 2882 ut
1407 2821 1590 2883 stella
1635 2823 1926 2904 septimae
1978 2836 2224 2885 tantum
2267 2826 2650 2908 magnitudi-

133 2922 247 2997 niS,
321 2922 522 2982 cauda
587 2944 742 2984 vero
813 2921 951 2984 luce
1022 2923 1281 3004 quidem
1357 2925 1648 3005 pertenui
1721 2925 1836 2986 sed
1898 2925 2055 2987 satis
2117 2926 2396 2988 sensibili
2459 2926 2652 3010 longa

131 3035 267 3083 erat
327 3027 363 3082 6
424 3020 526 3082 vel
583 3040 614 3099 7
668 3022 921 3104 graduS,
980 3022 1040 3084 &
1093 3022 1233 3086 luce
1287 3025 1750 3099 obscurissima,
1808 3048 1953 3108 quae
2003 3027 2173 3088 cerni
2235 3028 2343 3088 vix
2406 3044 2645 3109 posset,

134 3123 574 3205 porrigebatur
603 3124 684 3183 ad
717 3125 988 3206 gradum
1024 3148 1229 3207 usque
1261 3127 1712 3189 duodecimum
1746 3128 1847 3190 vel
1869 3126 2072 3209 'paulo
2104 3127 2269 3190 ultra
2298 3154 2309 3191 :
2357 3144 2428 3192 ut
2454 3153 2650 3215 supra

133 3225 378 3286 dictum
410 3238 520 3287 est.
615 3225 748 3286 Sed
783 3226 844 3286 ἃ
874 3227 1013 3288 Feb.
1054 3249 1091 3305 9
1126 3228 1186 3289 8z
1229 3250 1302 3291 10
1327 3229 1434 3290 ubi
1461 3243 1651 3310 caput
1683 3230 1869 3291 nudis
1895 3229 2093 3291 oculis
2125 3231 2328 3293 videri
2354 3233 2645 3308 desierat,

136 3324 405 3385 caudam
464 3325 701 3407 gradus
768 3326 930 3387 duos
984 3327 1243 3410 longam
1304 3351 1421 3410 per
1472 3329 1889 3411 telescopium
1951 3331 2416 3413 contemplatus
2483 3357 2641 3398 sum.

138 3424 335 3486 Porro
367 3424 419 3485 si
453 3424 654 3485 cauda
685 3426 952 3486 oriretur
993 3448 1074 3487 ex
1121 3428 1496 3491 refractione
1544 3431 1829 3492 materiae
1875 3430 2167 3505 coelestiS,
2204 3433 2266 3494 &
2295 3456 2413 3515 pro
2445 3435 2649 3519 figura

131 3523 432 3587 coelorum
482 3526 926 3587 deflecteretur
973 3527 1055 3589 de
1091 3527 1254 3605 ‚solis
1305 3532 1726 3611 oppositione,
1778 3533 2043 3595 deberet
2102 3534 2378 3599 deflexio
2428 3536 2532 3599 illa
2581 3539 2643 3600 in

131 3625 354 3687 iisdem
386 3624 527 3686 coeli
561 3626 926 3708 regionibus
960 3627 1021 3687 in
1055 3630 1327 3691 eandem
1359 3654 1616 3713 semper
1646 3646 1892 3714 partem
1926 3634 2076 3697 fieri.
2159 3635 2364 3719 Atqui
2397 3655 2644 3701 cometa

131 3726 278 3786 anni
327 3729 488 3788 1680
532 3727 804 3789 Decemb.
845 3730 922 3788 28
957 3727 1113 3789 hora
1151 3729 1227 3795 8}
1272 3752 1419 3810 p.m.
1455 3733 1751 3795 Londz'm'
1777 3735 2153 3797 versabatur
2197 3737 2259 3798 in
2302 3754 2351 3802 ὶ(
2393 3742 2488 3800 8²¹·
2520 3740 2640 3817 41',

131 3847 273 3887 cum
304 3825 635 3888 latitudine
676 3826 914 3890 boreali
966 3831 1100 3889 2ggr.
1138 3829 1217 3906 δ’,
1252 3830 1386 3893 sole
1433 3833 1750 3896 existente
1797 3835 1858 3895 in
1901 3850 1950 3906 νς
2002 3838 2132 3897 18³¹·
2170 3837 2284 3900 26'.
2403 3839 2493 3902 Et
2537 3863 2638 3903 co-
