2846 4224
113 123 192 182 26
1040 109 1350 162 AXIOMA
1361 108 1471 170 TA,
1509 105 1692 157 SIVE

107 289 224 353 sed
285 289 448 351 inter
511 298 848 366 utramque
916 281 979 343 in
1048 275 1417 361 aequilibri0‚
1487 287 1559 335 ut
1618 271 1706 334 ita
1763 269 1990 343 dicam,
2053 268 2496 351 suspendetur,
2559 271 2623 334 &

104 391 404 474 quiescet.
503 386 657 448 Pars
701 396 916 446 autem
961 393 1248 444 extrema
1291 377 1380 438 Η
1378 375 1462 438 K
1461 375 1512 436 I
1548 385 1685 436 toto
1722 393 1840 434 suo
1871 369 2157 452 pondere
2204 369 2527 434 incumbet
2557 371 2620 434 in

104 503 351 574 partem
390 486 682 559 mediam,
718 484 780 546 &
823 482 1076 566 urgebit
1121 478 1290 542 illam
1322 478 1386 539 in
1418 487 1665 558 partem

105 591 370 654 alteram
400 601 752 652 extremam
781 585 853 647 E
875 584 1056 656 GR·
1101 581 1375 662 ideoque
1405 578 1506 640 vis
1538 598 1667 658 qua

106 692 381 776 partium
425 687 754 752 HKI&
797 683 1423 748 EGKHsumma
1451 678 1671 741 EG]
1773 735 1778 738 .

105 792 312 855 tendit
340 812 563 853 versus
594 800 840 870 partem
871 785 1122 847 tertiam
1157 783 1228 844 E
1233 782 1369 855 GF,
1403 776 1666 862 aequalis

107 907 206 957 est
258 891 524 975 ponderi
577 889 773 972 partis
825 887 914 949 H
921 886 1005 948 K
1014 886 1073 959 J,
1129 882 1194 945 id
1247 894 1346 944 est
1398 879 1665 963 ponderi

107 995 304 1078 partis
335 992 538 1056 tertiae
568 991 639 1052 E
644 990 779 1052 GF.
878 987 970 1049 Et
1013 998 1351 1068 propterea
1382 981 1669 1065 pondera

108 1096 382 1179 partium
413 1094 682 1155 duarum
717 1091 788 1152 E
800 1089 925 1162 GJ,
963 1088 1033 1149 E
1046 1087 1185 1148 GF
1221 1085 1283 1146 in
1329 1106 1400 1146 se
1446 1094 1668 1143 mutuo

108 1209 257 1259 sunt
301 1191 585 1277 aequalia,
632 1191 724 1253 uti
755 1187 927 1252 volui
973 1186 1328 1250 ostendere.
1412 1184 1503 1245 Et
1548 1181 1668 1244 nisi

107 1296 393 1380 pondera
443 1292 548 1356 illa
600 1289 869 1374 aequalia
920 1299 1149 1360 essent,
1205 1299 1373 1348 terra
1425 1296 1559 1347 tota
1606 1283 1668 1343 in

106 1396 306 1459 libero
338 1394 574 1456 aethere
607 1393 858 1454 fluitans
904 1388 1171 1472 ponderi
1210 1387 1432 1471 majori
1465 1385 1734 1456 cederet,
1771 1381 1833 1443 &
1863 1380 1945 1442 ab
1977 1402 2056 1443 eo
2086 1381 2394 1465 fugiendo
2423 1382 2628 1445 abiret
2732 1438 2739 1446 .

110 1497 173 1559 in
206 1496 535 1559 infinitum.

229 1597 328 1659 Ut
393 1617 659 1677 corpora
726 1594 787 1655 in
856 1613 1163 1655 concursu
1233 1589 1295 1651 &
1362 1587 1706 1650 reflexione
1775 1583 1945 1645 idem
2025 1579 2282 1664 pollent,
2353 1605 2626 1666 quorum

108 1696 478 1761 velocitates
509 1707 657 1757 sunt
687 1694 1005 1775 reciproce
1036 1704 1107 1753 ut
1136 1690 1304 1752 vires
1338 1677 1573 1750 insitae:
1607 1687 1696 1748 sic
1730 1685 1791 1746 in
1827 1684 2165 1747 movendis
2190 1684 2626 1747 instrumentis

111 1797 490 1862 mechanicis
550 1795 806 1879 agentia
865 1794 1035 1856 idem
1088 1791 1330 1876 pollent
1383 1791 1445 1853 &
1497 1788 1828 1852 conatibus
1882 1786 2211 1849 contrariis
2271 1809 2343 1849 se
2403 1799 2627 1850 mutuo

110 1900 438 1971 sustinent,
509 1917 780 1979 quorum
846 1893 1217 1957 velocitates
1292 1892 1644 1955 secundum
1719 1888 2320 1951 determinationem
2393 1888 2624 1950 virium

110 2001 457 2073 aestimatae,
520 2011 670 2060 sunt
728 1997 1047 2077 reciproce
1107 2009 1178 2057 ut
1235 1994 1421 2056 vires,
1547 1993 1655 2054 Sic
1722 1990 2011 2073 pondera
2070 1987 2483 2072 aequipollent
2541 1989 2625 2052 ad

111 2100 431 2164 movenda
502 2098 760 2160 brachia
832 2096 1024 2170 librae,
1095 2119 1241 2178 quae
1308 2092 1636 2158 oscillante
1702 2092 1864 2155 libra
1936 2105 2087 2154 sunt
2161 2092 2482 2174 reciproce
2555 2104 2627 2154 ut

109 2225 328 2266 eorum
380 2199 749 2263 velocitates
802 2220 1052 2261 sursum
1115 2196 1176 2258 &
1236 2196 1583 2258 deorsum:
1638 2194 1759 2258 hoc
1812 2207 1925 2268 est,
1982 2192 2284 2275 pondera,
2339 2193 2393 2255 si
2454 2206 2627 2255 recta

108 2304 460 2366 ascendunt
506 2302 567 2364 &
608 2301 1020 2372 descendunt,
1069 2295 1495 2379 aequipollent,
1545 2318 1690 2378 quae
1736 2308 1886 2357 sunt
1932 2295 2253 2376 reciproce
2304 2307 2377 2357 ut
2428 2316 2622 2377 punc-

107 2419 315 2468 torum
368 2427 407 2466 a
466 2404 695 2486 quibus
748 2400 1225 2484 suspenduntur
1276 2398 1596 2460 distantiae
1649 2398 1731 2459 ab
1801 2419 1924 2459 axe
1976 2395 2155 2458 librae
2182 2421 2194 2471 ;
2257 2397 2356 2458 sin
2413 2394 2621 2478 planis

108 2506 379 2589 obliquis
411 2505 632 2568 aliisve
663 2504 936 2566 admotis
982 2498 1325 2564 obstaculis
1373 2500 1678 2582 impedita
1708 2499 2063 2561 ascendunt
2093 2496 2196 2560 vel
2228 2498 2628 2560 descendunt

110 2607 381 2689 oblique,
430 2604 854 2688 aequipollent,
903 2624 1049 2685 quae
1093 2614 1243 2662 sunt
1294 2601 1614 2682 reciproce
1666 2614 1737 2661 ut
1788 2622 2090 2662 ascensus
2145 2599 2207 2661 ἃ
2260 2599 2623 2672 descensuS,

111 2720 424 2788 quatenus
454 2706 601 2768 facti
648 2704 997 2767 secundum
1044 2701 1610 2785 perpendiculum:
1659 2702 1852 2783 idque
1897 2702 1981 2764 ob
2026 2701 2625 2764 determinationem

110 2807 440 2889 gravitatis
478 2806 792 2868 deorsum.
887 2803 1194 2867 Similiter
1240 2804 1302 2864 in
1348 2802 1629 2865 trochlea
1674 2825 1787 2864 seu
1835 2801 2206 2884 polyspasto
2252 2804 2350 2865 vis
2396 2824 2625 2865 manus

110 2907 328 2968 funem
372 2907 610 2968 directe
654 2906 977 2979 trahentiS,
1026 2926 1171 2986 quae
1216 2903 1300 2965 sit
1342 2903 1424 2964 ad
1471 2903 1723 2985 pondus
1769 2901 1872 2965 vel
1919 2903 2158 2965 directe
2210 2902 2314 2965 vel
2367 2902 2627 2986 oblique

112 3007 464 3069 ascendens
537 3020 608 3068 ut
680 3005 984 3069 velocitas
1058 3026 1359 3066 ascensus
1434 3003 1972 3086 perpendicularis
2053 3004 2137 3066 ad
2219 3003 2624 3068 velocitatem

114 3121 340 3170 manus
419 3108 637 3170 funem
719 3106 1042 3179 trahenti5‚
1126 3105 1464 3166 sustinebit
1545 3105 1812 3187 pondus,
1971 3107 2047 3167 In
2131 3104 2479 3190 horologiis
2562 3106 2625 3168 &

113 3207 421 3271 similibus
482 3209 929 3280 instrumentiS,
993 3228 1138 3288 quae
1198 3229 1279 3269 ex
1340 3204 1559 3273 rotulis
1620 3207 1975 3270 commissis
2036 3220 2399 3270 constructa
2455 3220 2621 3282 sunt,

113 3311 282 3372 vires
363 3310 693 3373 contrariae
773 3309 857 3371 ad
938 3321 1182 3370 motum
1264 3306 1609 3370 rotularum
1692 3308 2203 3391 promovendum
2287 3307 2350 3370 &
2424 3308 2621 3390 impe-

114 3410 434 3483 diendum,
468 3411 522 3472 si
566 3422 716 3472 sunt
759 3410 1078 3491 reciproce
1122 3422 1194 3470 ut
1237 3407 1607 3471 velocitates
1653 3410 1928 3491 partium
1975 3407 2323 3471 rotularum
2362 3408 2424 3470 in
2463 3430 2624 3491 quas

116 3511 572 3592 imprimuntur,
627 3510 1030 3572 sustinebunt
1080 3532 1151 3572 se
1203 3522 1440 3572 mutuo,
1565 3510 1684 3572 Vis
1737 3509 2013 3573 cochleae
2065 3510 2149 3571 ad
2202 3510 2624 3592 premendum

113 3632 342 3691 corpus
395 3623 495 3672 est
544 3610 627 3672 ad
679 3611 812 3672 vim
865 3632 1090 3671 manus
1151 3610 1552 3671 manubrium
1612 3611 2114 3695 circumagentiS,
2177 3625 2248 3673 ut
2307 3610 2624 3674 circularis

113 3707 416 3771 velocitas
462 3710 773 3772 manubrii
819 3733 897 3773 ea
943 3712 1004 3773 in
1051 3723 1231 3793 parte
1276 3711 1383 3772 ubi
1429 3733 1469 3772 a
1514 3733 1705 3773 manu
1759 3726 2034 3797 urgetur,
2083 3713 2165 3774 ad
2218 3711 2623 3776 velocitatem

115 3811 582 3895 progressivam
635 3810 910 3875 cochleae
963 3835 1186 3875 versus
1239 3835 1467 3895 corpus
1521 3836 1827 3895 pressum.
1968 3814 2158 3877 Vires
2211 3816 2442 3898 quibus
2493 3815 2618 3878 Cu-

116 3933 272 3974 neus
310 3926 495 3996 urget
525 3926 737 3995 partes
783 3913 942 3975 duas
989 3912 1140 3997 ligni
1190 3913 1318 3975 fissi
1366 3928 1514 3976 sunt
1559 3915 1639 3976 ad
1688 3915 1817 3977 vim
1866 3913 2072 3978 mallei
2122 3916 2182 3976 in
2231 3937 2517 3989 cuneum,
2551 3928 2623 3977 ut
