2846 4250
442 0 467 82 ς

74 118 190 180 532

139 265 407 330 cinguntur
437 253 787 322 atmosphaeris
822 250 1111 319 ingentibus
1155 252 1270 313 482,
1301 252 1364 300 6:

249 334 279 381 8
361 347 387 379 2
427 368 438 379 .

142 347 494 467 quiad'soiem
518 393 726 461 propius
745 391 998 443 accedunt
1015 398 1071 440 ut
1094 387 1367 455 plurimum

211 469 432 520 minores
457 482 568 516 esse
593 461 941 514 existimantur
967 474 1082 525 517,
1109 475 1191 524 33.

145 556 248 605 quo
295 539 397 587 fine
456 551 562 585 non
609 529 1109 596 comprehenduntur
1156 525 1368 577 zodiaco

216 605 377 673 (more
412 601 750 670 planetarum)
790 599 881 650 sed
917 597 971 648 in
1007 613 1191 648 omnes
1217 597 1372 646 coelo-

213 693 324 726 rum
348 673 579 739 regiones
602 669 739 721 varie
763 670 988 719 feruntur
1014 682 1076 732 52
1084 681 1130 731 5,
1162 682 1238 727 14.

145 754 358 813 possunt
381 741 656 807 aliquando
692 738 744 788 in
778 738 938 789 solem
963 735 1188 786 incidere
1212 737 1259 785 &
1285 749 1373 783 no-

218 831 336 865 vum
378 811 450 862 illi
491 810 787 861 alimentum
824 805 953 872 ignis
989 806 1216 870 praebere
1254 818 1316 868 52
1324 816 1370 867 5,

225 902 248 933 2
263 902 300 933 1.
1205 923 1210 929 .

149 970 268 1004 usus
294 967 466 1003 eorum
492 945 770 1013 suggeritur
796 959 909 1010 515,
943 961 1036 1008 19:
1077 944 1190 1008 526,
1223 956 1302 1006 25.

149 1030 418 1073 moventur
452 1018 505 1068 in
542 1015 853 1067 sectionibus
889 1011 1081 1064 conicis
1104 1011 1375 1062 umbilicos

220 1091 272 1141 in
309 1098 484 1140 centro
520 1086 641 1137 solis
676 1082 998 1144 habentibuS,
1037 1084 1084 1132 &
1120 1079 1274 1130 radiis
1309 1079 1377 1130 ad

221 1161 380 1211 solem
401 1155 565 1208 ductis
586 1153 879 1205 describunt
897 1168 1038 1202 areas
1067 1149 1377 1214 temporibus

223 1226 642 1295 proportionales.
721 1225 786 1272 Et
805 1221 1014 1287 quidem
1039 1220 1092 1269 in
1112 1218 1374 1284 ellipsibus

222 1306 502 1358 moventur,
526 1294 566 1344 si
585 1293 637 1343 in
657 1294 833 1343 orbem
859 1291 1086 1350 redeunt,
1107 1290 1188 1339 hae
1207 1297 1379 1338 tamen

222 1365 476 1433 parabolis
497 1372 641 1415 erunt
664 1361 884 1411 maxime
903 1358 1130 1410 finitimae
1151 1359 1254 1418 III,
1278 1374 1359 1419 40.

156 1435 442 1502 trajectoria
473 1431 764 1499 parabolica
788 1447 851 1481 ex
874 1428 1006 1479 datis
1031 1428 1189 1479 tribus
1215 1429 1383 1477 obser-

224 1504 513 1557 vationibus
539 1500 791 1551 invenitur
807 1501 909 1561 III,
933 1515 993 1560 41
1017 1516 1031 1561 3
1052 1497 1258 1547 inventa
1278 1513 1383 1546 cor-

226 1575 398 1640 rigitur
423 1575 526 1634 ΙΙΙ,
555 1589 633 1633 42.

158 1648 299 1696 locus
324 1643 377 1693 in
400 1642 643 1708 parabola
678 1636 930 1689 invenitur
963 1637 1030 1686 ad
1068 1645 1267 1701 tempus
1298 1635 1383 1685 da-

229 1724 336 1764 tum
362 1715 477 1777 485,
510 1727 603 1775 29:
642 1711 682 1770 I,
713 1726 791 1772 30.

158 1782 402 1834 velocitas
441 1797 557 1830 cum
595 1776 864 1829 velocitate
905 1776 1224 1840 planetarum
1267 1789 1385 1823 con-

231 1854 381 1902 fertur
398 1852 514 1914 485,
542 1862 618 1911 17.

93 1924 419 1974 Cometarum
443 1918 621 1968 caudae

161 1997 452 2041 avertuntur
475 2004 505 2036 a
530 1987 637 2036 sole
665 1999 723 2050 51
739 2001 779 2046 1,
813 2000 889 2033 10.

160 2058 393 2110 maximae
431 2064 548 2106 sunt
572 2058 618 2105 δι
648 2051 1027 2118 fulgentissimae
1064 2049 1232 2101 statim
1268 2058 1387 2115 post

231 2126 494 2178 transitum
518 2140 610 2189 per
633 2122 870 2173 viciniam
896 2120 1016 2171 solis
1044 2135 1158 2185 509,
1185 2133 1261 2184 15.

161 2196 368 2262 insignis
395 2211 566 2245 earum
589 2192 762 2242 raritas
790 2206 815 2256 5
830 2208 906 2255 13,
934 2193 978 2240 8.

162 2266 365 2331 origo&
389 2273 568 2314 natura
593 2262 868 2313 earundem
895 2262 1011 2322 482,
1039 2276 1125 2323 13:
1165 2273 1281 2323 509,
1309 2275 1383 2323 19.

163 2353 266 2401 quo
314 2332 556 2398 temporis
605 2330 770 2397 spatio
819 2347 850 2380 a
894 2328 1061 2395 capite
1103 2329 1389 2379 ascendunt

273 2422 292 2453 1
336 2443 348 2466 ,
382 2418 456 2466 17.

94 2419 582 2527 Comgta3annorum
613 2471 745 2532 1664
769 2471 815 2520 &
848 2470 975 2533 1665

162 2544 312 2608 hujus
336 2551 504 2592 motus
531 2542 826 2591 observatus
853 2536 1169 2604 expenditur,
1196 2539 1242 2589 &
1268 2553 1385 2586 cum

232 2610 428 2663 theoria
452 2610 705 2660 confertur
729 2625 775 2673 p.
803 2622 918 2673 519.

96 2684 311 2735 Cometa
336 2696 584 2730 annorum
616 2680 746 2728 1680
771 2676 817 2727 &
851 2679 975 2726 1681

162 2753 312 2816 hujus
337 2759 504 2800 motus
531 2750 825 2799 observatus
856 2763 904 2811 p.
929 2745 1227 2810 4963idem
1255 2761 1391 2795 com-

232 2829 437 2886 putatus
469 2818 522 2867 in
547 2819 671 2868 orbe
695 2814 990 2881 parabolico
1015 2832 1062 2880 p.
1096 2829 1194 2880 500
1212 2833 1227 2878 ;
1263 2817 1310 2865 δι
1338 2814 1389 2863 in

233 2891 357 2940 orbe
383 2886 606 2954 elliptico
625 2904 673 2951 p.
709 2900 822 2954 502.

164 2957 452 3024 trajectoria
476 2956 607 3008 illius
644 2960 691 3008 &
729 2954 893 3005 cauda
929 2953 1137 3019 singulis
1173 2951 1224 3003 in
1265 2952 1390 3003 locis

236 3027 554 3078 delineantur
576 3043 623 3090 p.
656 3027 770 3091 506.

99 3099 318 3149 Cometa
340 3095 461 3146 anni
495 3097 621 3146 1682

166 3163 316 3230 hujus
342 3174 510 3215 motus
535 3165 747 3214 collatus
772 3179 888 3212 cum
914 3160 1109 3212 theoria
1133 3179 1179 3227 p.
1213 3176 1325 3226 523.

168 3233 511 3300 comparuisse
528 3232 664 3282 visus
684 3241 761 3282 est
784 3247 921 3281 anno
947 3233 1093 3294 1607,
1111 3230 1394 3295 iterumque

237 3303 487 3355 rediturus
522 3301 722 3352 videtur
768 3299 981 3366 periodo
1032 3314 1093 3364 75
1145 3316 1395 3350 annorum

241 3388 356 3438 524,
389 3390 450 3421 10
476 3389 507 3421 a
530 3372 643 3421 fine.

101 3445 318 3496 Cometa
341 3440 463 3492 anni
497 3442 626 3504 1683

167 3513 317 3576 hujus
342 3519 512 3561 motus
536 3510 751 3560 collatus
777 3524 894 3557 cum
918 3506 1114 3558 theoria
1137 3523 1184 3571 p.
1211 3521 1325 3572 5²2·

101 3582 319 3632 Cometa
342 3579 463 3630 anni
494 3593 623 3643 1723

167 3651 317 3717 hujus
352 3658 522 3699 motus
559 3648 773 3698 collatus
810 3663 927 3696 cum
963 3643 1159 3697 theoria
1196 3662 1244 3710 p.
1278 3659 1392 3710 523,

278 3735 355 3780 24.

102 3734 283 3840 Curveie
308 3787 683 3852 distinguuntur
718 3784 770 3834 in
794 3784 1101 3850 geometrice
1125 3782 1396 3834 rationales

240 3859 287 3908 δι
312 3854 618 3922 geometrice
641 3854 954 3905 irrationales
986 3868 1098 3917 107,
1124 3853 1211 3903 ult.

104 3927 383 3979 Curvatura
422 3926 691 3990 figurarum
734 3941 836 3988 qua
866 3922 1059 3974 ratione
1096 3921 1397 3973 aestimanda

242 3993 305 4045 sit
332 4007 446 4060 255,
479 4010 572 4055 14:
608 4010 724 4057 433,
754 3994 798 4043 6.

1111 83 1376 135 INDEX
1409 83 1574 134 RER
1587 83 1711 135 ΠΜ

1467 250 1727 317 Cycloidis
1752 269 1842 303 seu
1868 252 2198 319 epicycloidis

1534 320 1831 372 rectificatio
1858 324 1900 384 Ι,
1928 325 2012 385 48,
2037 338 2137 387 49:
2179 336 2290 388 154,
2323 340 2363 374 1.

1536 391 1741 441 evoluta
1766 393 1808 453 I,
1838 406 1904 456 50
1931 410 1943 442 ε
1986 406 2098 456 154,
2127 404 2171 457 5.

1469 458 1698 526 Cylindri
1745 460 1980 511 attractio
2030 477 2093 511 ex
2138 459 2396 527 particulis
2449 459 2764 512 trahentibus

1606 528 1893 594 compositi,
1932 546 2145 595 quarum
2180 529 2311 580 vires
2353 539 2471 581 sunt
2505 529 2764 596 reciproce

1607 607 1664 649 ut
1691 599 1938 663 quadrata
1961 597 2312 650 distantiarum
2341 601 2454 661 216,
2488 613 2563 663 17.

2099 769 2149 817 D

1474 859 1573 911 Dei
1598 870 1779 911 natura
1802 878 1849 926 p.
1882 862 1997 926 528,
2027 875 2140 926 529.

1475 933 1766 981 Descensus
1790 930 2017 995 gravium
2041 930 2093 980 in
2119 946 2283 981 vacuo
2308 938 2529 996 quantus
2549 929 2626 992 sit,
2645 928 2772 982 indi·

1613 1008 1756 1049 catur
1780 1016 1898 1064 413,
1928 1017 2005 1049 21.

1477 1070 1768 1119 Descensus
1802 1069 1883 1118 vel
1921 1069 2161 1119 ascensfis
2199 1067 2446 1119 rectilinei
2486 1067 2649 1134 spatia
2690 1070 2774 1120 de·

1615 1137 1816 1202 scripta,
1855 1147 2086 1202 tempora
2122 1137 2519 1203 descriptionum
2556 1140 2604 1189 &
2639 1139 2774 1189 velo-

1616 1206 1794 1257 citates
1865 1206 2126 1271 acquisitae
2197 1208 2536 1269 conferuntur,
2609 1206 2778 1272 posita

1618 1277 1967 1341 cujuscunque
2020 1275 2220 1341 generis
2277 1276 2329 1326 vi
2387 1275 2668 1342 centripeta
2731 1279 2774 1338 Ι,

1619 1355 1739 1396 sect.
1771 1360 1815 1409 7.

1483 1418 1774 1466 Descensus
1822 1417 1869 1466 &
1911 1431 2151 1465 ascensus
2190 1431 2460 1480 corporum
2502 1413 2554 1464 in
2596 1414 2780 1465 mediis

1620 1483 1969 1535 resistentibus
1997 1487 2069 1548 II,
2098 1502 2146 1549 3,
2175 1487 2220 1546 8,
2250 1501 2291 1549 9,
2324 1501 2405 1547 40,
2434 1502 2511 1549 13,
2546 1501 2620 1547 14.

1487 1722 1693 1790 Ellipsis

1556 1811 1657 1858 qua
1681 1795 1793 1858 lege
1828 1792 1904 1843 vis
1941 1792 2235 1857 centripetae
2271 1791 2528 1843 tendentis
2567 1793 2634 1842 ad
2670 1809 2787 1842 cen·

1625 1871 1756 1912 trum
1782 1863 1953 1928 figurae
1990 1860 2292 1912 describitur
2315 1878 2347 1911 a
2378 1878 2591 1927 corpore
2626 1863 2788 1913 revol-

1624 1941 1778 1983 vente
1805 1933 1846 1994 Ι,
1881 1949 1955 1981 10.

1557 2018 1658 2065 qua
1681 2002 1794 2066 lege
1830 2000 1904 2051 vis
1941 1999 2236 2065 centripetae
2285 1998 2543 2052 tendentis
2579 2000 2646 2051 ad
2681 2017 2788 2050 um-

1625 2069 1835 2121 bilicum
1871 2071 2041 2135 figurae
2079 2069 2381 2122 describitur
2415 2087 2446 2121 a
2478 2087 2692 2136 corpore
2717 2087 2790 2120 re·

1627 2141 1866 2190 volvente
1894 2142 1937 2202 I,
1971 2157 2047 2190 11.

2120 2281 2162 2330 F

1491 2371 1659 2422 Fluidi
1684 2370 1913 2423 definitio
1938 2389 1986 2437 p.
2021 2374 2133 2421 282.

1490 2441 1786 2491 Fluidorum
1824 2441 2049 2492 densitas
2074 2444 2121 2492 δε
2146 2439 2457 2506 compressio
2495 2457 2621 2506 quas
2650 2440 2789 2506 leges

1628 2511 1835 2572 habent,
1862 2510 2147 2562 ostenditur
2173 2513 2247 2572 II,
2276 2520 2395 2562 sect.
2427 2524 2472 2575 5.

1491 2580 1786 2631 Fluidorum
1823 2598 1916 2646 per
1939 2582 2167 2631 foramen
2205 2579 2258 2629 in
2282 2597 2402 2630 vase
2439 2581 2628 2631 factum
2655 2580 2790 2630 efflu-

1629 2649 1821 2701 entium
1847 2649 2211 2701 determinatur
2235 2660 2403 2701 motus
2429 2651 2503 2713 ΙΙ,
2531 2652 2612 2714 36.

1490 2719 1637 2770 Fumi
1680 2719 1733 2769 in
1775 2719 1978 2771 camino
2015 2736 2255 2771 ascensus
2297 2718 2467 2771 obitur
2513 2717 2793 2785 explicatur

1634 2804 1746 2854 514,
1780 2806 1855 2839 20.

2120 2931 2170 2980 G

1492 3020 1756 3073 Graduum
1792 3019 1844 3070 in
1881 3020 2163 3071 meridiano
2196 3020 2415 3071 terrestri
2451 3037 2687 3071 mensura
2712 3037 2793 3071 ex-

1630 3089 1844 3151 hibetur,
1883 3092 1931 3140 &
1969 3106 2122 3155 quam
2160 3089 2225 3140 sit
2260 3090 2441 3156 exigua
2476 3089 2793 3156 inaequalitas

1633 3159 1918 3209 ostenditur
1943 3176 2006 3210 ex
2031 3159 2227 3210 theoria
2253 3162 2357 3222 ΙΙΙ,
2389 3177 2466 3210 20.

1494 3227 1727 3279 Gravitas
2011 3292 2013 3294 η

1565 3297 1750 3348 diversi
1776 3307 1853 3348 est
1875 3297 2075 3363 generis
2099 3315 2130 3347 a
2153 3297 2204 3348 vi
2228 3297 2515 3363 magnetica
2539 3315 2656 3363 403,
2684 3315 2729 3362 3.

1562 3376 1739 3417 mutua
1757 3377 1834 3417 est
1853 3366 1983 3417 inter
2007 3377 2190 3418 terram
2213 3371 2261 3419 δι
2281 3370 2391 3432 ejus
2416 3377 2584 3434 partes
2607 3382 2687 3433 25,
2712 3369 2789 3417 28.

1564 3438 1674 3501 ejus
1699 3453 1853 3487 causa
1876 3453 1981 3487 non
2007 3437 2288 3503 assignatur
2317 3452 2429 3502 530,
2461 3455 2503 3487 2.

1564 3507 1712 3556 datur
1753 3506 1805 3555 in
1847 3507 2080 3572 planetas
2123 3506 2386 3558 universos
2435 3524 2553 3572 399,
2603 3520 2662 3570 15
2683 3524 2698 3569 3
2745 3508 2793 3556 δι

1633 3577 1894 3641 pergendo
1954 3593 1986 3625 a
2056 3576 2417 3641 superficiebus
2476 3577 2792 3643 planetarum

1634 3662 1831 3695 sursum
1886 3645 2133 3696 decrescit
2192 3644 2245 3695 in
2293 3644 2552 3711 duplicata
2597 3644 2793 3695 ratione

1634 3713 1985 3765 distantiarum
2028 3733 2059 3765 a
2096 3723 2272 3766 centro
2313 3717 2415 3776 III,
2463 3716 2509 3778 8,
2555 3714 2794 3765 deorsum

1633 3783 1882 3834 decrescit
1917 3783 1969 3833 in
2006 3783 2224 3850 simplici
2262 3783 2457 3835 ratione
2493 3800 2794 3849 quamprox-

1633 3852 1733 3904 ime
1761 3855 1862 3915 ΙΙΙ,
1893 3870 1937 3918 9.

1565 3923 1712 3973 datur
1747 3922 1800 3972 in
1839 3939 2053 3987 corpora
2091 3921 2278 3984 omnia,
2317 3925 2365 3973 δε
2400 3921 2794 3988 proportionalis

1635 4000 1712 4042 est
1737 3991 2006 4056 quantitati
2029 3991 2253 4043 materiae
2278 3990 2332 4042 in
2357 3991 2566 4058 singulis
2592 3993 2697 4054 111,
2727 4005 2772 4055 7.
