2852 4250
1057 125 1310 174 LIBER.
1329 125 1754 176 SECUNDUS,
2501 150 2612 210 251

0 334 4 386 ἒ
86 268 97 278 ⁹
183 310 347 351 areae
391 299 541 349 totae
583 288 664 348 ab
716 286 889 348 initio
944 286 1176 367 genitae
1218 286 1288 346 A
1314 287 1484 346 BN
1498 287 1581 347 K
1617 287 1679 348 8c
1720 288 1788 347 A
1826 288 1890 348 T
1899 289 1972 349 D
2013 301 2082 350 ut
2123 291 2325 370 spatia
2367 303 2498 354 tota
2540 295 2620 354 ab

70 413 74 420 ’
103 454 109 460 ,
185 387 358 447 initio
388 386 723 446 descensus
753 385 1078 463 descripta.
1172 383 1246 458 Q.
1269 384 1351 444 E.
1374 384 1460 444 D.

302 484 498 543 Corol.
567 502 621 542 2.
682 481 859 542 Idem
918 481 1317 560 consequitur
1372 481 1560 541 etiam
1619 481 1700 542 de
1757 482 1960 561 spatio
2011 484 2180 563 quod
2240 485 2301 544 in
2360 507 2622 549 ascensu

182 580 563 640 describitur.
658 579 968 638 Nimirum
1014 578 1184 658 quod
1228 579 1498 657 spatium
1539 577 1687 638 illud
1728 600 1913 639 omne
1949 579 2029 638 sit
2058 580 2138 639 ad
2169 581 2454 660 spatium,
2489 583 2620 642 uni-

182 677 362 738 formi
406 698 546 737 cum
589 674 918 736 velocitate
959 677 1028 736 A
1063 677 1120 736 C
1170 677 1394 737 eodem
1452 688 1733 756 tempore
1790 676 2183 756 descriptum,
2230 691 2299 738 ut
2342 692 2438 739 est
2480 701 2624 740 area

183 777 1168 839 ABnkadsectoremADt.

300 875 496 936 Corol.
548 894 601 952 3.
651 872 966 934 Velocitas
1010 874 1284 953 corporis
1329 885 1610 953 tempore
1652 874 1721 934 A
1763 875 1826 934 Τ
1836 875 1907 934 Β
1950 875 2227 936 cadentis
2268 889 2364 937 est
2403 877 2484 936 ad
2514 899 2620 937 ve-

182 972 510 1044 locitatem,
543 993 732 1052 quam
774 971 998 1032 eodem
1042 984 1324 1051 tempore
1369 971 1431 1031 in
1474 972 1677 1050 spatio
1722 993 1847 1032 non
1893 973 2218 1034 resistente
2262 975 2621 1054 acquireret,

182 1083 252 1131 ut
308 1067 684 1151 triangulum
740 1069 810 1128 A
837 1068 988 1128 PD
1043 1068 1126 1128 ad
1183 1081 1489 1131 sectorem
1562 1068 2028 1149 hyperbolicum
2088 1071 2156 1130 A
2196 1072 2260 1131 Τ
2271 1074 2356 1134 Β.
2453 1073 2622 1133 Nam

177 1168 477 1230 velocitas
534 1168 596 1227 in
654 1166 862 1227 medio
920 1186 1044 1227 non
1104 1166 1430 1226 resistente
1487 1165 1648 1227 foret
1705 1180 1774 1227 ut
1832 1180 2078 1247 tempus
2121 1170 2189 1228 A
2230 1171 2294 1229 Τ
2303 1171 2388 1242 Β,
2438 1170 2499 1231 &
2557 1172 2619 1231 in

179 1266 391 1327 medio
435 1265 760 1325 resistente
802 1276 899 1325 est
941 1276 1010 1323 ut
1037 1264 1106 1323 A
1134 1264 1214 1338 P,
1248 1263 1310 1323 id
1356 1275 1466 1334 est,
1499 1275 1569 1323 ut
1612 1263 1986 1346 triangulum
2030 1267 2098 1326 A
2126 1268 2293 1331 PD.
2387 1269 2475 1329 Et
2517 1291 2623 1330 ve-

182 1363 460 1425 locitates
507 1361 625 1424 illae
670 1362 844 1423 initio
887 1361 1225 1421 descensus
1277 1373 1605 1441 aequantur
1663 1361 1821 1423 inter
1877 1385 1961 1436 se,
2021 1365 2281 1444 perinde
2338 1379 2408 1426 ut
2464 1388 2625 1428 areae

182 1459 399 1522 illaeA
441 1461 891 1533 TD,APD.

298 1558 493 1619 Corol.
542 1578 598 1635 4.
651 1557 898 1619 Eodem
929 1568 1299 1638 argumento
1329 1555 1625 1618 velocitas
1667 1556 1728 1617 in
1766 1578 2025 1618 ascensu
2071 1570 2167 1619 est
2209 1559 2290 1619 ad
2334 1559 2623 1620 velocita-

179 1669 323 1728 tem,
356 1678 480 1736 qua
509 1677 731 1736 corpus
762 1656 985 1717 eodem
1017 1668 1296 1734 tempore
1329 1655 1388 1714 in
1421 1655 1624 1734 spatio
1655 1675 1778 1715 non
1812 1656 2136 1715 resistente
2166 1677 2414 1716 omnem
2446 1678 2625 1716 suum

180 1755 556 1816 ascendendi
589 1767 825 1816 motum
857 1754 1142 1814 amittere
1182 1766 1411 1832 posset,
1442 1759 1514 1813 'ut
1558 1751 1933 1835 triangulum
1964 1753 2031 1812 Α
2041 1761 2094 1832 p
2113 1754 2183 1812 D
2212 1753 2291 1813 ad
2323 1767 2625 1815 sectorem

181 1852 536 1915 circularem
565 1853 633 1913 A
659 1854 804 1923 tD,·
847 1852 981 1912 sive
1012 1865 1080 1912 ut
1111 1866 1278 1913 recta
1307 1853 1375 1912 A
1385 1860 1438 1931 p
1469 1852 1549 1912 ad
1580 1873 1789 1911 arcum
1821 1851 1888 1910 A
1915 1859 1955 1911 t.

298 1953 493 2013 Corol.
548 1969 599 2028 5.
653 1951 772 2011 Est
818 1950 1003 2031 igitur
1053 1963 1314 2029 tempuS,
1362 1972 1488 2030 quo
1532 1971 1756 2028 corpus
1802 1950 1862 2009 in
1908 1950 2117 2010 medio
2160 1950 2485 2011 resistente
2529 1972 2624 2010 ca-

179 2049 390 2111 dendo
433 2048 826 2110 velocitatem
871 2049 1026 2108 ΑΡ
1068 2049 1343 2128 acquirit,
1390 2048 1470 2108 ad
1517 2061 1778 2128 tempuS,
1826 2070 1951 2127 quo
1995 2047 2385 2109 velocitatem
2431 2050 2622 2108 maxi-

178 2169 346 2207 mam
378 2147 445 2206 A
474 2148 530 2207 C
554 2146 616 2207 in
648 2146 849 2226 spatio
882 2167 1005 2206 non
1038 2146 1363 2207 resistente
1394 2146 1675 2206 cadendo
1707 2146 2024 2225 acquirere
2054 2159 2282 2224 posset,
2316 2158 2384 2205 ut
2424 2159 2627 2206 sector

101 2260 103 2262 ’
178 2246 247 2304 Α
271 2246 342 2305 Β
372 2245 435 2304 T
474 2245 555 2305 ad
614 2242 990 2325 triangulum
1048 2245 1116 2304 A
1141 2246 1211 2304 D
1239 2245 1318 2305 C:
1364 2243 1424 2304 &
1469 2256 1733 2322 tempuS,
1780 2266 1906 2324 quo
1950 2243 2342 2305 velocitatem
2386 2245 2454 2303 Α
2463 2252 2517 2323 p
2564 2244 2624 2303 in

179 2343 387 2404 medio
418 2343 743 2403 resistente
774 2343 1172 2404 ascendendo
1202 2343 1400 2422 possit
1443 2343 1742 2413 amittere,
1776 2344 1856 2402 ad
1901 2356 2147 2422 tempus
2179 2365 2303 2422 quo
2333 2341 2622 2403 velocita-

179 2454 306 2502 tem
337 2441 602 2502 eandem
645 2441 705 2500 in
746 2441 948 2520 spatio
990 2462 1114 2501 non
1161 2439 1486 2500 resistente
1530 2439 1930 2502 ascendendo
1970 2453 2184 2520 posset
2227 2441 2525 2513 amittere,
2558 2453 2627 2500 ut

179 2562 356 2602 arcus
384 2540 453 2600 A
479 2547 507 2600 t
533 2539 614 2599 ad
645 2540 779 2620 ejus
810 2551 1171 2620 tangentem
1202 2539 1269 2598 A
1279 2546 1350 2618 p.

296 2638 494 2698 Corol.
543 2641 598 2697 6.
655 2636 824 2696 Hinc
868 2658 947 2697 ex
993 2637 1142 2698 dato
1187 2650 1468 2717 tempore
1512 2636 1697 2696 datur
1738 2636 2007 2716 spatium
2066 2658 2325 2697 ascensu
2371 2635 2470 2697 vel
2516 2637 2622 2697 de-

178 2757 401 2797 scensu
446 2735 839 2814 descriptum.
936 2734 1104 2795 Nam
1158 2734 1431 2815 corporis
1477 2734 1538 2794 in
1585 2733 1891 2794 infinitum
1950 2735 2385 2795 descendentis
2444 2734 2627 2794 datur

179 2834 474 2895 velocitas
518 2834 790 2894 maxima
838 2832 975 2915 (per
1023 2832 1204 2896 corol.
1253 2854 1284 2894 2
1339 2832 1399 2893 &
1450 2853 1483 2911 3
1534 2833 1728 2893 theor.
1763 2852 1826 2892 V1
1874 2831 2081 2914 lib.11)
2131 2833 2400 2912 indeque
2444 2833 2627 2892 datur

0 2935 20 2999 ’ἕ
180 2946 426 3012 tempus
456 2954 582 3013 quo
612 2953 835 3011 corpus
865 2930 1259 2992 velocitatem
1293 2929 1458 2991 illam
1491 2930 1551 2989 in
1583 2930 1786 3009 spatio
1817 2951 1940 2990 non
1974 2931 2299 2991 resistente
2344 2930 2625 2991 cadendo

179 3043 392 3112 posset
434 3030 766 3110 acquirere.
861 3029 949 3089 Et
992 3028 1299 3089 sumendo
1342 3040 1646 3088 sectorem
1689 3027 1756 3086 A
1780 3029 1850 3087 D
1880 3029 1943 3087 T
1962 3027 2062 3088 vel
2092 3029 2160 3087 A
2185 3030 2302 3087 Dt
2328 3028 2407 3087 ad
2439 3028 2622 3088 trian-

173 3127 389 3211 gulum
431 3128 499 3188 A
524 3128 673 3188 DC
713 3127 773 3187 in
819 3127 1056 3188 ratione
1101 3126 1399 3206 temporis
1439 3126 1568 3186 dati
1614 3125 1694 3185 ad
1740 3138 1988 3204 tempus
2033 3125 2222 3186 modo
2267 3126 2623 3195 inventum;

171 3214 424 3286 'dabitur
464 3237 596 3284 tum
641 3223 937 3285 velocitas
966 3226 1034 3284 A
1058 3226 1122 3284 P
1151 3223 1251 3285 vel
1282 3224 1350 3284 A
1365 3232 1433 3303 p,
1467 3237 1599 3284 tum
1644 3245 1789 3283 area
1819 3225 1887 3283 A
1911 3225 1976 3283 B
1993 3224 2170 3283 NK
2192 3223 2295 3284 vel
2326 3224 2394 3283 A
2419 3224 2484 3283 B
2501 3222 2616 3293 nb,

175 3343 318 3403 quae
375 3335 472 3383 est
528 3323 608 3382 ad
660 3337 964 3384 sectorem
1009 3323 1077 3383 A
1102 3323 1173 3383 D
1206 3323 1271 3383 T
1319 3321 1420 3383 vel
1463 3322 1533 3382 A
1557 3323 1675 3382 Dt
1714 3334 1784 3381 ut
1840 3322 2110 3401 spatium
2162 3322 2491 3400 quaesitum
2543 3320 2623 3379 ad

176 3421 461 3500 spatium,
507 3421 678 3500 quod
723 3435 1003 3501 tempore
1047 3421 1211 3492 dato,
1258 3442 1399 3482 cum
1444 3419 1774 3482 velocitate
1833 3418 1934 3479 illa
1992 3419 2263 3479 maxima
2297 3419 2430 3499 jam
2477 3430 2621 3476 ante

179 3518 447 3591 inventa,
479 3520 866 3581 uniformiter
894 3519 1158 3580 describi
1191 3532 1413 3598 potest.

295 3617 491 3678 Corol.
546 3634 597 3694 7.
650 3618 738 3678 Et
781 3617 1207 3699 regrediendO,
1241 3639 1320 3677 ex
1365 3618 1515 3678 dato
1558 3636 1851 3677 ascensus
1897 3612 1995 3674 vel
2041 3613 2376 3673 descensus
2420 3610 2621 3690 spatio

180 3713 585 3776 ABnkvel
618 3716 978 3790 ABNK,
1013 3715 1261 3776 dabitur
1296 3715 1781 3795 tempusADt
1807 3711 1907 3774 vel
1937 3712 2194 3772 ADT.
