2846 4250
34 882 46 893 ⁰
160 905 410 948 summa
437 880 891 964 quadratorum
920 901 1003 941 ex
1032 879 1331 943 omnibus
1357 882 1449 944 N
1460 883 1561 945 M
1576 884 1699 947 erit
1726 884 1925 969 duplo
1954 887 2164 952 minor
2191 910 2388 972 quam
2417 913 2669 955 summa

165 134 288 203 472
941 121 1060 171 DE
1090 121 1382 174 MUND!
1403 120 1452 172 S
1460 120 1767 174 YSTEMA
1774 122 1875 174 TE

280 275 344 338 N
350 296 455 338 am
501 286 721 338 centro
760 270 847 336 K
884 273 1199 338 diametro
1238 274 1367 336 IL
1400 273 1798 337 describatur
1840 274 2273 340 semicirculus
2310 278 2467 342 IN
2480 280 2545 347 L
2569 281 2664 347 K.
2788 345 2803 378 ι,

165 376 390 440 Dividi
448 374 835 460 intelligatur
889 374 1555 438 semicircumferentia
1608 376 1662 438 I
1681 376 1772 439 N
1789 376 1856 438 L
1918 376 1983 439 in
2026 391 2244 460 partes
2301 380 2668 448 innumeras
2800 436 2802 438 .

161 479 455 564 aequaleS,
490 480 553 543 &
581 502 621 542 a
649 479 933 563 partibus
962 477 1228 563 singulis
1255 479 1347 541 N
1366 479 1451 541 ad
1480 479 1863 543 diametrum
1885 482 2010 544 IL
2043 483 2464 550 demittantur
2489 487 2668 553 si'nus

159 583 250 645 N
264 583 366 645 M.
461 574 553 643 Et
594 602 846 642 summa
894 579 1350 662 quadratorum
1398 601 1481 643 ex
1526 581 1772 645 sinibus
1818 583 2115 647 omnibus
2160 586 2251 648 N
2265 587 2364 649 M
2401 589 2669 672 aequalis

160 683 281 746 erit
308 702 576 744 summae
604 678 1058 762 quadratorum
1088 700 1170 741 ex
1199 678 1444 742 sinibus
1472 680 1558 742 K
1569 682 1673 756 Μ,
1707 681 1771 775 8ζ
1806 704 2060 747 summa
2101 698 2374 769 utraque
2402 689 2667 772 aequalis

159 783 282 846 erit
324 801 592 844 summae
638 778 1092 861 quadratorum
1136 799 1220 840 ex
1266 779 1536 842 totidem
1583 782 2075 847 semidiametris
2119 787 2205 848 K
2218 787 2308 849 N
2321 814 2350 862 ‚·
2392 788 2669 872 ideoque

159 983 611 1065 quadratorum
640 1002 723 1043 ex
752 979 1021 1043 totidem
1050 981 1540 1048 semidiametris
1568 985 1653 1047 K
1664 986 1763 1049 N.

265 2498 413 2580 Jam
443 2499 765 2562 dividatur
792 2501 1136 2583 perimeter
1163 2502 1376 2566 circuli
1399 2507 1470 2568 A
1494 2508 1567 2569 E
1596 2509 1659 2571 in
1690 2512 2032 2593 particulas
2062 2519 2332 2582 totidem
2363 2518 2663 2603 aequaleS,

153 2602 216 2664 &
244 2604 327 2664 ab
357 2625 574 2665 earum
604 2627 987 2687 unaquaque
1015 2608 1089 2667 F
1106 2607 1189 2668 ad
1235 2607 1496 2690 planum
1531 2611 1591 2688 Q
1614 2614 1684 2675 R
1723 2615 2098 2682 demittatur
2138 2621 2664 2704 perpendiculum

151 2703 225 2763 F
241 2704 316 2777 G,
349 2717 421 2766 ut
452 2704 514 2766 8c
543 2727 583 2766 a
612 2718 850 2787 puncto
879 2707 950 2768 A
986 2709 1511 2790 perpendiculum
1542 2714 1614 2774 A
1642 2715 1738 2777 H.
1836 2718 1928 2781 Et
1957 2720 2073 2795 vis,
2106 2744 2237 2804 qua
2265 2722 2573 2805 particula
2599 2725 2673 2786 F

152 2803 391 2865 recedit
440 2827 480 2865 a
526 2803 717 2887 plano
769 2806 938 2883 QR,
996 2809 1116 2870 erit
1167 2822 1238 2871 ut
1295 2813 1821 2893 perpendiculum
1882 2818 2036 2883 illud
2094 2823 2168 2884 F
2185 2823 2248 2886 G
2292 2846 2410 2906 per
2459 2825 2659 2908 hypo-

152 2901 377 2976 thesin,
412 2903 475 2965 &
521 2905 659 2967 haec
706 2906 804 2967 vis
835 2906 1027 2969 ducta
1064 2909 1126 2969 in
1157 2910 1526 2974 distantiam
1578 2914 1637 2976 C
1658 2916 1721 2977 G
1749 2918 1870 2980 erit
1912 2920 2194 2985 efficacia
2231 2925 2559 3006 particulae
2600 2928 2676 2989 F

152 3001 237 3062 ad
288 3014 520 3064 terram
568 3005 801 3067 circum
860 3021 1146 3069 centrum
1205 3010 1342 3093 ejus
1402 3017 1918 3083 convertendam.
2035 3022 2324 3107 Ideoque
2383 3026 2665 3090 efficacia

153 3099 477 3181 particulae
537 3103 600 3163 in
659 3103 799 3166 loco
858 3107 930 3166 F
977 3108 1098 3168 erit
1155 3110 1238 3170 ad
1299 3111 1644 3176 efficaciam
1704 3118 2029 3198 particulae
2089 3123 2153 3185 in
2227 3123 2369 3188 loco
2439 3128 2512 3189 A
2591 3140 2665 3191 ut

152 3402 600 3483 particularum
630 3406 897 3468 totidem
928 3407 991 3469 in
1023 3407 1163 3472 loco
1190 3412 1262 3472 A
1314 3426 1386 3475 ut
1414 3437 1664 3480 summa
1693 3422 1979 3485 omnium
2009 3426 2083 3487 F
2093 3427 2154 3489 C
2160 3451 2204 3510 q
2231 3430 2315 3516 ad
2344 3452 2662 3497 summam

153 3504 422 3566 totidem
479 3505 550 3566 A
580 3505 640 3568 C
648 3529 704 3588 q,
766 3506 888 3570 hoc
946 3522 1045 3571 est
1101 3511 1239 3593 (per
1279 3513 1417 3595 jam
1465 3515 1926 3610 demonstrata)
1983 3539 2057 3589 ut
2106 3550 2305 3593 unum
2363 3533 2449 3596 ad
2507 3536 2655 3598 duo,

155 3604 234 3681 Q.
267 3605 350 3667 E.
385 3606 473 3668 D.

273 3705 364 3766 Et
393 3706 695 3787 quoniam
725 3707 1050 3789 particulae
1094 3725 1295 3794 agunt
1339 3716 1699 3782 recedendo
1727 3727 2337 3806 perpendiculariter
2380 3755 2421 3794 a
2465 3732 2660 3816 plano

156 3803 215 3880 Q
238 3805 322 3879 R,
355 3805 550 3888 idque
594 3806 924 3889 aequaliter
965 3810 1047 3871 ab
1091 3824 1361 3895 utraque
1403 3831 1586 3897 parte
1637 3820 1824 3905 hujus
1875 3825 2092 3907 plani:
2137 3831 2365 3894 eadem
2396 3855 2659 3897 conver·
