2852 4250
232 54 277 85 '†[=
306 66 318 78 .-
364 58 383 75 ἐ
407 56 451 76 .··1·‘
510 41 589 62 ⁷⁷⁷⁷

143 101 346 162 ὦ
614 127 624 142 .,
1063 90 1302 140 LIBER
1334 87 1752 178 SECUNDUS.
2361 87 2364 91 “
2494 111 2608 172 375
2701 60 2731 77 ”

114 248 630 317 {erassitudinis
723 249 813 310 Et
861 251 1154 329 quoniam
1201 251 1660 332 homogeneum
1711 262 1809 311 est
1857 250 2130 323 fluidum,
2184 253 2615 331 impressiones

91 347 623 442 ῖῇἱαοηῑίςιιοωηῑ
678 345 921 407 orbium
979 348 1042 407 in
1099 369 1170 408 se
1241 361 1458 408 mutuo
1527 347 1708 407 factae
1778 359 1960 407 erunt
2021 346 2155 426 (per
2216 348 2610 433 hypothesin)

90 452 129 517 .
189 441 262 510 ut
330 465 545 506 eorum
618 443 1052 506 translationes
1123 446 1204 506 ab
1276 445 1557 516 invicem,
1633 445 1694 504 8c
1765 445 2119 523 superficies
2191 447 2495 526 contiguae
2553 448 2614 507 in

171 535 417 625 ,quibus
447 541 884 620 impressiones
915 541 1085 602 fiunt.
1200 541 1270 601 Si
1302 541 1625 620 impressio
1655 540 1716 599 in
1747 541 1961 600 orbem
1992 533 2259 619 aliquem
2289 543 2484 621 major
2525 556 2620 602 est

108 710 113 717 Δ
190 637 291 699 vel
345 638 547 699 minor
591 659 671 698 ex
721 650 899 717 parte
948 659 1223 699 concava
1268 659 1456 717 quam
1508 659 1587 697 ex
1645 650 1820 716 parte
1877 658 2194 709 convexa;
2262 638 2622 716 praevalebit

195 735 518 815 impressio
574 733 803 806 fortior,
867 733 927 794 8c
986 747 1225 795 motum
1282 733 1449 794 orbis
1507 732 1608 793 vel
1681 731 2044 793 accelerabit
2113 732 2213 794 vel
2272 735 2618 805 retardabit,

68 910 70 913 .
193 844 377 912 prout
406 831 467 890 in
497 830 761 891 eandem
791 831 1110 911 regionem
1141 851 1282 890 cum
1314 830 1503 909 ipsius
1528 841 1699 889 motu
1722 829 1823 889 vel
1854 830 1914 889 in
1938 831 2303 890 contrariam
2326 830 2618 911 dirigitur.

76 958 82 1002 j
119 928 127 933 ’
179 928 467 988 Proinde
513 939 583 987 ut
639 928 806 988 orbis
852 927 1281 1007 unusquisque
1329 926 1390 986 in
1435 938 1607 986 motu
1652 947 1766 987 suo
1823 926 2207 987 uniformiter
2252 941 2622 1007 perseveret,

75 1036 78 1038 ’
194 1025 428 1086 debent
499 1025 938 1104 impressiones
1010 1047 1090 1085 ex
1160 1037 1337 1104 parte
1408 1036 1669 1103 utraque
1739 1024 1855 1088 sibi
1917 1025 2179 1085 invicem
2251 1026 2480 1104 aequari
2567 1026 2627 1087 &

196 1122 327 1184 fieri
358 1122 419 1182 in
451 1122 736 1203 regiones
766 1122 1117 1182 contrarias.
1215 1120 1407 1180 Unde
1430 1141 1569 1179 cum
1594 1120 2028 1199 impressiones
2051 1133 2195 1181 sunt
2223 1135 2291 1182 ut
2320 1122 2623 1201 contiguae

197 1220 554 1300 superficies
613 1219 674 1281 81
725 1220 943 1280 harum
1004 1217 1437 1280 translationes
1496 1219 1575 1278 ab
1635 1219 1914 1290 invicem,
1974 1232 2153 1279 erunt
2199 1219 2626 1281 translationes

198 1318 444 1379 inverse
502 1330 571 1378 ut
619 1317 993 1397 superficieS,
1047 1316 1166 1377 hoc
1222 1327 1332 1386 est,
1386 1315 1631 1375 inverse
1689 1327 1758 1374 ut
1809 1315 2267 1393 superficierum
2317 1316 2627 1376 distantiae

197 1417 278 1476 ab
327 1437 458 1478 axe.
571 1415 734 1476 Sunt
784 1428 994 1476 autem
1044 1414 1409 1474 differentiae
1462 1425 1743 1472 motuum
1802 1411 2187 1493 angularium
2238 1413 2396 1473 circa
2445 1435 2624 1473 axem

197 1525 268 1574 ut
323 1513 421 1574 hae
479 1511 912 1573 translationes
971 1511 1295 1591 applicatae
1347 1510 1428 1570 ad
1487 1509 1828 1581 distantiaS,
1883 1511 2015 1570 sive
2074 1523 2142 1570 ut
2199 1509 2625 1571 translationes

199 1612 432 1672 directe
465 1610 525 1671 &
554 1610 866 1671 distantiae
897 1610 1142 1670 inverse
1169 1633 1180 1681 ;
1227 1609 1345 1668 hoc
1374 1621 1486 1679 est,

204 1709 545 1790 conjunctis
620 1708 975 1778 rationibuS,
1043 1719 1113 1767 ut
1185 1705 1490 1785 quadrata

203 1805 633 1866 distantiarum
685 1804 947 1865 inverse.
1043 1802 1256 1880 Quare
1307 1802 1357 1860 si
1406 1801 1487 1861 ad

206 1903 463 1966 infinitae
494 1914 678 1962 rectae
710 1902 766 1961 S
781 1901 848 1960 A
871 1901 1007 1962 BC
1018 1901 1173 1960 DE
1193 1901 1248 1975 Q
1282 1911 1489 1979 partes

203 1998 479 2081 singulas
509 1999 829 2079 erigantur
868 1994 1312 2077 perpendicula
1340 1997 1408 2055 A
1432 2018 1487 2066 a,
1637 2051 1652 2066 ,.

202 2099 332 2170 Bb,
370 2097 427 2158 C
438 2118 480 2169 c,
514 2095 657 2167 Da',
688 2095 817 2169 Ee,
851 2094 960 2155 &e
1012 2095 1284 2173 ipsarum
1331 2094 1386 2152 S
1401 2093 1488 2164 A,
1687 2106 1701 2120 ·’
1735 2117 1796 2173 ,f

205 2197 355 2270 SB,
406 2194 548 2269 SC,
599 2194 752 2265 SD,
805 2194 953 2265 SE,
1005 2193 1116 2253 &Q
1174 2191 1491 2271 quadratis
1711 2188 1816 2208 ”

206 2411 319 2452 nos
338 2387 935 2469 perpendicularium
960 2384 1497 2465 duciintelligatur

207 2485 369 2547 linea
398 2507 587 2546 curva
630 2483 1030 2565 hyperbolica
1059 2508 1071 2557 ;
1118 2495 1298 2543 erunt
1328 2503 1491 2541 sum·
1614 2465 1664 2565 a&
1727 2530 1832 2552 χ

213 2604 332 2644 mae
350 2583 851 2653 differentiarum,
873 2582 990 2642 hoc
1014 2593 1124 2651 est,
1152 2592 1356 2640 motus
1381 2578 1492 2638 toti
1581 2567 1587 2575 ⁸
1664 2567 1679 2586 ”
1761 2568 1783 2590 ““

208 2679 554 2762 angulareS,
606 2693 678 2740 ut
726 2679 1180 2759 respondentes
1233 2697 1493 2736 summae

207 2776 507 2839 linearum
549 2778 697 2848 Aa,
744 2777 875 2847 Bb,
928 2777 1040 2849 Cc,
1089 2774 1230 2844 Dd,
1273 2774 1396 2844 Ee,
1432 2772 1493 2832 id

160 2940 163 2942 ,
209 2886 319 2946 est,
345 2874 396 2933 si
426 2873 507 2933 ad
538 2873 1039 2935 constituendum
1060 2871 1335 2932 medium
1367 2867 1754 2930 uniformiter
1782 2863 2054 2934 fluidum,
2080 2861 2319 2922 orbium
2351 2879 2639 2918 numerus

123 3047 127 3053 ³
210 2986 510 3054 augeatur
539 2970 896 3032 &latitudo
944 2971 1256 3030 minuatur
1302 2969 1362 3028 in
1413 2967 1734 3034 infinitum,
1768 2974 1836 3020 ut
1882 2981 2042 3020 areae
2090 2954 2501 3038 hyperbolicae
2546 2954 2639 3013 his

210 3069 468 3130 summis
498 3067 780 3150 analogae
809 3069 876 3128 A
901 3090 941 3127 a
962 3068 1035 3141 Q,
1067 3067 1131 3126 B
1150 3067 1182 3126 b
1209 3066 1282 3140 Q,
1322 3066 1378 3125 C
1388 3086 1417 3124 c
1438 3065 1511 3139 Q,
1544 3062 1677 3123 Dd
1696 3061 1769 3134 Q,
1802 3059 1869 3118 E
1884 3081 1914 3118 e
1933 3058 2008 3132 Q,
2043 3056 2151 3116 &c
2248 3054 2334 3113 Et
2364 3065 2642 3130 tempora

213 3167 480 3227 motibus
539 3165 938 3247 angularibus
983 3164 1292 3242 reciproce
1337 3155 1832 3241 proportionalia,
1878 3169 2057 3216 erunt
2107 3153 2292 3213 etiam
2343 3151 2436 3209 his
2488 3147 2642 3208 areis

214 3265 523 3344 reciproce
569 3262 1065 3344 proportionalia.
1177 3261 1299 3319 Est
1345 3261 1531 3340 igitur
1588 3270 1833 3334 tempus
1896 3251 2274 3332 periodicum
2332 3242 2644 3326 particulae

215 3362 485 3443 cujusvis
530 3363 602 3421 D
647 3362 958 3440 reciproce
1003 3372 1073 3419 ut
1119 3380 1263 3419 area
1310 3358 1446 3417 Dd
1462 3357 1532 3432 Q,
1584 3356 1701 3415 hoc
1748 3364 1844 3412 est
1906 3349 2041 3430 (per
2098 3359 2276 3407 notas
2322 3360 2644 3403 curvarum

216 3458 645 3540 quadraturas)
679 3459 912 3518 directe
942 3470 1011 3517 ut
1040 3455 1333 3516 distantia
1363 3455 1418 3513 S
1431 3455 1515 3513 D.
1610 3449 1874 3526 Q.E.D.

334 3557 529 3617 Corol.
587 3576 634 3616 1.
690 3556 860 3616 Hinc
890 3567 1094 3615 motus
1125 3551 1451 3633 angulares
1496 3546 1930 3630 particularum
1962 3540 2131 3601 fluidi
2161 3549 2303 3598 sunt
2333 3534 2638 3630 reciproce

217 3663 288 3728 ut
329 3652 600 3732 ipsarum
644 3652 955 3713 distantiae
1001 3651 1080 3710 ab
1127 3671 1244 3709 axe
1292 3647 1564 3727 cylindri,
1619 3643 1679 3703 ἃ
1730 3639 2087 3702 velocitates
2145 3630 2439 3694 absolutae
2498 3637 2642 3687 sunt

219 3748 504 3829 aequales,
