2846 4224
202 145 284 205 34
1030 123 1148 173 DE
1180 120 1420 174 MOTU
1445 120 1752 173 CORPOR
1763 121 1888 173 ΠΜ

320 295 521 358 Corol.
567 315 615 357 1.
669 292 760 355 Et
790 291 935 354 hinc
965 289 1147 354 facile
1192 288 1520 375 colligitur,
1554 289 1727 372 quod
1769 310 2106 371 corporum
2137 287 2374 353 similes
2403 289 2703 355 similium
2791 356 2808 381 .-

195 395 542 480 figurarum
588 407 803 477 partes
849 392 1242 475 temporibus
1283 388 1860 474 proportionalibus
1904 390 2398 454 describentium
2438 413 2701 468 errores,

195 497 303 580 qui
378 488 618 559 viribus
689 495 1019 578 quibusvis
1093 491 1445 575 aequalibus
1518 491 1602 553 ad
1676 513 1942 574 corpora
2014 489 2303 561 similiter
2372 491 2706 576 applicatis

192 610 595 681 generantur,
659 595 721 657 &
781 606 1229 657 mensurantur
1287 614 1403 674 per
1460 591 1795 653 distantias
1855 615 2192 675 corporum
2252 615 2292 655 a
2357 593 2746 678 figurarum‘

193 695 491 759 similium
543 695 696 759 locis
743 694 878 769 illis,
927 694 1009 756 ad
1056 715 1201 775 quac
1246 714 1512 774 corpora
1556 692 1805 755 eadem-
1830 694 2224 776 temporibus
2277 694 2504 758 iisdem
2556 718 2701 778 pro-

192 795 649 879 portionalibus
679 796 817 858 sine
847 794 1087 857 viribus
1120 794 1255 856 istis
1286 794 1708 876 pervenirent,
1741 807 1891 857 sunt
1921 808 1992 857 ut
2013 795 2327 878 quadrata
2343 808 2704 879 temporum
2807 814 2810 817 ·

191 899 256 960 in
289 898 518 980 quibus
547 909 935 980 generantur
963 917 1156 978 quam
1187 895 1491 977 proxime.

312 1000 516 1061 Corol.
556 1020 609 1060 2.
665 998 935 1060 Errores
979 1009 1194 1058 autem
1241 995 1348 1077 qui
1395 995 1636 1057 viribus
1690 994 2268 1078 proportionalibus
2319 996 2404 1059 ad
2455 987 2697 1061 similes
2772 992 2778 998 ”

191 1099 535 1183 figurarum
566 1097 864 1160 similium
896 1111 1110 1180 partes
1141 1095 1429 1159 similiter
1456 1095 1788 1180 applicatis
1816 1111 2219 1181 generantur,
2252 1110 2403 1161 sunt
2431 1110 2504 1161 ut
2532 1099 2704 1163 vires

191 1201 253 1264 &
284 1201 595 1284 quadrata
624 1213 983 1282 temporum
1015 1198 1415 1282 conjunctim.

309 1304 510 1365 Corol.
551 1322 604 1382 3.
661 1302 843 1363 Idem
877 1299 1357 1383 intelligendum
1389 1311 1488 1362 est
1518 1299 1603 1362 de
1631 1300 1852 1382 spatiis
1885 1300 2217 1382 quibusvis
2259 1322 2406 1383 quae
2436 1322 2704 1383 corpora

186 1404 559 1487 urgentibus
591 1403 859 1465 diversis
891 1402 1131 1464 viribus
1162 1401 1547 1463 describunt.
1649 1401 1815 1464 Haec
1860 1415 2023 1476 sunt,
2058 1402 2200 1485 ipso
2244 1416 2458 1466 motus
2504 1403 2699 1478 initio,

186 1517 257 1567 ut
286 1506 454 1566 vires
488 1504 550 1566 &
580 1504 890 1586 quadrata
921 1517 1282 1584 temporum
1315 1503 1718 1585 conjunctim.

308 1606 508 1668 Corol.
546 1626 602 1683 4.
660 1605 947 1686 Ideoque
991 1604 1160 1665 vires
1192 1617 1342 1665 sunt
1382 1617 1454 1665 ut
1483 1605 1705 1687 spatia,
1741 1604 1883 1686 ipso
1912 1617 2123 1669 motus
2156 1604 2349 1680 Initio,
2383 1606 2705 1691 descripta

184 1706 423 1769 directe
455 1706 517 1769 &
548 1706 858 1789 quadrata
887 1718 1246 1787 temporum
1280 1706 1546 1768 inverse.

306 1809 506 1872 Corol.
545 1825 597 1887 5.
653 1807 744 1870 Et
795 1806 1106 1889 quadrata
1151 1819 1510 1889 temporum
1556 1819 1706 1870 sunt
1749 1819 1821 1870 ut
1865 1807 2184 1891 descripta
2227 1808 2434 1891 spatia
2464 1808 2705 1873 directe

185 1907 248 1970 8ε
276 1908 445 1972 vires
477 1908 744 1970 inverse.

1271 2063 1610 2127 Scholz'um.

298 2235 369 2298 Si
438 2234 825 2318 quantitates
891 2234 1397 2297 indeterminatae
1457 2235 1856 2299 diversorum
1922 2257 2233 2320 generum
2300 2236 2710 2301 conferantur
2800 2279 2802 2281 >

185 2337 349 2399 inter
377 2359 462 2411 se,
498 2336 560 2399 &
604 2358 823 2398 earum
870 2334 1084 2418 aliqua
1128 2335 1377 2398 dicatur
1406 2357 1549 2398 esse
1594 2350 1665 2398 ut
1710 2350 1808 2399 est
1852 2336 1976 2400 alia
2021 2338 2268 2420 quaevis
2313 2338 2554 2403 directe
2597 2338 2701 2404 vel

182 2437 478 2500 inverse:
539 2459 765 2499 sensus
825 2450 938 2510 est,
974 2436 1148 2519 quod
1208 2437 1381 2519 prior
1439 2451 1711 2521 augetur
1768 2437 1871 2501 vel
1933 2439 2306 2502 diminuitur
2357 2441 2420 2503 in
2474 2442 2702 2505 eadem
2787 2477 2792 2483 ·

183 2539 427 2601 ratione
458 2562 601 2601 cum
634 2539 998 2622 posteriore,
1032 2536 1136 2600 vel
1183 2560 1327 2599 cum
1374 2539 1511 2622 ejus
1557 2540 1893 2621 reciproca.
1992 2542 2084 2603 Et
2127 2542 2180 2603 si
2227 2564 2446 2605 earum
2490 2543 2706 2628 aliqua

182 2639 428 2701 dicatur
471 2662 612 2702 esse
658 2653 729 2701 ut
773 2653 922 2701 sunt
966 2637 1106 2700 aliae
1152 2638 1299 2701 duae
1343 2638 1447 2701 vel
1494 2637 1706 2721 plures
1744 2641 1983 2704 directe
2013 2641 2118 2705 vel
2151 2643 2444 2708 inverse:
2476 2668 2705 2710 sensus

185 2754 299 2813 est,
347 2741 520 2822 quod
566 2741 770 2822 prima
822 2754 1093 2823 augetur
1136 2738 1240 2801 vel
1287 2740 1679 2802 diminuitur*
1704 2742 1767 2803 in
1821 2744 2065 2806 ratione
2110 2766 2256 2827 quae
2302 2748 2707 2829 componitur

184 2862 266 2902 ex
326 2841 672 2903 rationibus
734 2842 795 2902 in
857 2841 1088 2922 quibus
1147 2839 1288 2903 aliae
1348 2839 1452 2920 vel
1514 2840 1778 2904 aliarum
1839 2844 2177 2926 reciprocae
2230 2861 2547 2930 augentur
2596 2847 2701 2912 vel

182 2941 631 3004 diminuuntur.
731 2942 830 3003 Ut
873 2942 925 3003 si
974 2941 1036 3002 A
1086 2941 1332 3003 dicatur
1375 2964 1517 3005 esse
1562 2956 1633 3005 ut
1683 2944 1733 3004 B
1773 2944 2011 3008 directe
2051 2946 2113 3010 &
2153 2947 2207 3010 C
2246 2948 2485 3012 directe
2524 2949 2587 3012 8c
2636 2950 2702 3013 D

185 3043 436 3105 inverse
469 3067 481 3106 ε
527 3064 753 3105 sensus
785 3055 898 3116 est,
933 3042 1107 3124 quod
1140 3043 1205 3104 A
1238 3056 1508 3127 augetur
1550 3042 1654 3106 vel
1701 3045 2074 3110 diminuitur
2102 3047 2166 3110 in
2197 3049 2426 3113 eadem
2457 3050 2702 3115 ratione
2792 3051 2798 3058 ’

184 3221 327 3260 cum
377 3199 428 3260 B
471 3219 513 3261 ><
556 3199 610 3262 C
652 3220 693 3261 ><
744 3165 829 3310 {3
861 3198 981 3262 hoc
1012 3211 1125 3274 est,
1159 3200 1333 3282 quod
1366 3200 1430 3262 A
1472 3200 1534 3264 &
1569 3146 1700 3314 -BD—C
1736 3216 1886 3268 sunt
1929 3205 2012 3268 ad
2059 3205 2333 3271 invicem
2366 3208 2428 3271 in
2461 3209 2706 3274 ratione
2792 3271 2794 3273 ,

183 3346 348 3409 data.

1091 3503 1535 3567 LEMMA
1633 3506 1799 3569 XI.

183 3671 241 3733 S
239 3671 492 3734 ubtensa
535 3693 880 3734 evanescens
936 3674 1173 3756 anguli
1216 3683 1544 3754 contactus,
1593 3676 1664 3739 in
1707 3665 1918 3741 curbis
1959 3680 2244 3744 omnibus
2285 3691 2703 3747 curvaturam

251 3788 526 3871 finitam
583 3789 675 3850 aa'
709 3796 1027 3870 punctum
1085 3799 1400 3853 contactus
1455 3791 1834 3870 kabentz'buS,
1896 3803 1986 3858 est
2039 3797 2267 3862 ultimo
2325 3799 2426 3863 in·
2456 3800 2706 3864 ratione

270 3905 591 3987 duplicata
619 3906 916 3968 subtensoe
940 3927 1127 3968 arcus
1154 3907 1534 3972 contermini.
2227 3886 2233 3892 ‚
