2852 4250
1074 125 1310 175 LIBER
1352 126 1686 177 TERTIUS.
2451 154 2526 210 42
2545 156 2564 195 1

107 288 445 367 squartam
475 285 716 355 partem
745 271 926 333 lineae
958 274 1139 333 unius
1169 274 1276 334 vix
1320 287 1664 353 superante.
1732 276 2023 354 vProinde
2066 263 2408 340 differentia
2450 295 2580 344 tota

153 372 560 458 longitudinis
607 369 1017 450 pendulorum
1065 392 1207 450 quae
1258 371 1319 440 in
1365 372 1626 431 diversis
1678 373 2028 452 regionibus
2080 373 2401 435 isochrona
2443 392 2585 440 sunt

95 476 102 547 3
159 475 408 550 dive-rso
430 468 614 532 calori
644 469 893 529 attribui
914 489 1038 529 non
1068 480 1291 547 potest.
1382 468 1513 529 Sed
1538 489 1740 547 neque
1763 470 2067 529 erroribus
2097 483 2582 535 astronomorum

158 593 197 633 e
257 568 472 631 Gallia
523 567 852 627 missorum
903 565 1232 625 tribuenda
1286 578 1385 625 est
1433 565 1568 625 haec
1617 565 1974 626 differentia.
2090 567 2258 626 Nam
2304 572 2584 647 quamvis

85 696 89 699 <
159 688 373 730 eorum
415 663 884 725 observationes
931 682 1056 722 non
1101 661 1371 742 perfecte
1401 675 1746 743 congruant
1792 663 1950 723 inter
1998 684 2082 734 se,
2114 675 2321 724 tamen
2351 687 2584 727 errores

158 778 304 829 sunt
331 764 489 825 adeo
519 761 696 842 parvi
740 773 809 820 ut
852 760 1164 820 contemni
1194 760 1448 838 possint.
1543 760 1630 820 Et
1674 761 1735 820 in
1779 761 1894 821 hoc
1938 762 2311 823 concordant
2353 785 2581 837 omnes,

66 861 83 891 ’·
121 921 128 926 ,
158 863 327 946 quod
358 860 683 922 isochrona
714 856 985 938 pendula
1031 869 1175 916 sunt
1218 857 1503 917 breviora
1549 858 1664 917 sub
1711 870 2025 937 aequatore
2056 880 2241 937 quam
2286 859 2346 918 in
2377 860 2581 920 obser-

157 960 395 1023 vatorio
426 957 599 1038 regio
651 954 995 1025 parisiensi,
1029 953 1334 1013 existente
1380 954 1726 1015 differentia
1755 975 1878 1014 non
1909 955 2144 1015 minore
2188 977 2373 1035 quam
2404 954 2581 1017 lineae

156 1060 336 1121 unius
366 1077 506 1118 cum
537 1053 897 1134 quadrante,
932 1072 1056 1111 non
1103 1052 1333 1132 majore
1377 1073 1564 1132 quam
1608 1051 1904 1112 linearum
1954 1053 2037 1117 2323.
2134 1053 2252 1113 Per
2293 1054 2579 1115 observa—

157 1156 356 1219 tiones
391 1155 471 1216 D.
506 1151 765 1213 Richerz'
789 1150 850 1210 in
902 1150 1185 1228 Cayenna
1230 1148 1423 1208 factas
1467 1149 1811 1209 differentia
1860 1150 1973 1210 fuit
2018 1149 2195 1210 lineae
2235 1151 2412 1210 unius
2444 1173 2580 1212 cum

109 1300 111 1302 -
157 1253 513 1335 quadrante.
610 1250 730 1309 Per
774 1268 880 1307 eas
932 1247 1011 1307 D.
1069 1247 1194 1306 Des
1239 1247 1448 1325 Hayes
1497 1247 1840 1308 differentia
1891 1244 1991 1305 illa
2041 1259 2313 1306 correcta
2357 1249 2583 1326 prodiit

154 1351 336 1413 lineae
379 1351 561 1411 unius
591 1369 731 1409 cum
762 1345 1023 1406 semisse
1053 1342 1152 1404 vel
1199 1344 1378 1403 unius
1409 1366 1548 1404 cum
1579 1345 1771 1404 tribus
1803 1343 2034 1422 quartis
2066 1344 2339 1421 partibus
2382 1344 2575 1405 lineae.

161 1449 280 1511 Per
307 1471 413 1510 eas
443 1447 702 1509 aliorum
747 1444 951 1504 minus
994 1454 1310 1501 accuratas
1357 1442 1585 1520 prodiit
1631 1441 1850 1501 eadem
1897 1441 2072 1519 quasi
2120 1440 2379 1499 duarum
2427 1440 2578 1502 line-

154 1568 343 1633 arum.
466 1546 555 1605 Et
612 1543 746 1604 haec
804 1539 1219 1619 discrepantia
1277 1539 1499 1618 partim
1565 1539 1645 1598 ab
1703 1537 2007 1597 erroribus
2066 1537 2578 1609 observationum,

154 1645 377 1726 partim
407 1666 445 1705 a
473 1640 973 1704 dissimilitudine
1003 1638 1270 1718 partium
1302 1637 1678 1697 internarum
1724 1647 1902 1695 terrae
1949 1634 2007 1694 &
2052 1633 2372 1695 altitudine
2413 1656 2579 1695 mon-

153 1744 321 1814 tium,
355 1743 416 1803 &
446 1741 669 1822 partim
700 1761 738 1799 a
767 1737 1028 1798 diversis
1059 1735 1217 1795 aeris
1249 1732 1551 1794 caloribus
1583 1732 1723 1793 oriri
1755 1730 1969 1811 potuit.

240 1842 437 1923 Virga
464 1840 664 1900 ferrea
692 1837 886 1917 pedes
917 1848 1042 1895 tres
1073 1831 1263 1913 longa
1311 1845 1591 1911 tempore
1636 1831 1914 1910 hyberno
1955 1830 2015 1889 in
2046 1830 2113 1889 A
2122 1831 2295 1909 nglz'a
2339 1830 2583 1890 brevior

152 1951 249 2001 est
290 1960 478 2019 quam
525 1950 806 2016 tempore
854 1933 1089 2002 aestivo,
1122 1943 1300 1991 sexta
1347 1943 1519 2009 parte
1566 1928 1743 1989 lineae
1790 1928 1984 1999 uniUS,
2018 1940 2315 2007 quantum
2362 1928 2575 1988 sentiO.

155 2038 259 2100 Ob
288 2036 521 2099 calores
551 2036 667 2096 sub
698 2045 1014 2114 aequatore
1045 2029 1355 2090 auferatur
1398 2028 1531 2088 haec
1575 2027 1884 2106 quantitas
1922 2025 2000 2084 de
2031 2025 2372 2085 differentia
2401 2023 2577 2084 lineae

152 2137 332 2198 unius
363 2157 502 2197 cum
533 2133 880 2215 quadrante
910 2153 947 2190 a
976 2129 1238 2189 Rz'clzero
1267 2128 1610 2196 observata,
1645 2124 1704 2185 &
1745 2123 2016 2183 manebit
2058 2121 2218 2182 linea
2255 2121 2354 2187 1-1¹—2
2381 2144 2392 2182 :
2438 2143 2576 2201 quae

154 2258 293 2299 cum
350 2235 513 2295 linea
580 2233 747 2299 Ιῑῑῗ-ὗπ
804 2252 916 2311 per
974 2227 1275 2290 theoriam
1330 2227 1459 2307 jam
1519 2237 1662 2285 ante
1721 2221 1973 2283 collecta
2029 2221 2220 2300 probe
2281 2220 2572 2300 congruit.

154 2334 451 2396 Rz’claerus
479 2345 685 2392 autem
730 2327 1199 2390 observationes
1249 2325 1308 2383 in
1359 2324 1642 2402 Cayemza
1680 2320 1870 2379 factas
1917 2316 2172 2398 singulis
2219 2316 2574 2395 septimanis

154 2455 265 2515 per
292 2452 538 2493 menses
568 2429 785 2490 decem
818 2425 1077 2495 iteravit,
1113 2424 1173 2484 ἃ
1203 2421 1618 2503 longitudines
1663 2414 1931 2498 penduli,
1959 2416 2018 2474 in
2063 2415 2237 2494 virga
2266 2413 2461 2472 ferrea
2492 2412 2574 2471 ibi

153 2543 394 2592 notatas
441 2550 581 2589 cum
627 2524 1117 2607 longitudinibus
1162 2522 1294 2602 ejus
1347 2520 1406 2579 in
1461 2518 1673 2578 Gallia
1715 2512 1990 2575 similiter
2035 2512 2257 2572 notatis
2302 2508 2568 2570 contulit.

155 2628 317 2708 Quae
346 2626 666 2708 diligentia
698 2625 758 2685 &
787 2621 1028 2684 cautela
1058 2622 1118 2681 in
1150 2619 1282 2680 aliis
1315 2615 1813 2679 observatoribus
1857 2611 2124 2671 defuisse
2154 2610 2410 2669 videtur.
2503 2608 2571 2667 Si

153 2727 333 2808 hujus
377 2723 914 2787 observationibus
960 2719 1276 2782 fidendum
1329 2730 1438 2787 est,
1472 2728 1632 2775 terra
1675 2711 1851 2772 altior
1901 2710 2015 2769 erit
2064 2709 2142 2768 ad
2195 2719 2569 2786 aequatorem

152 2845 338 2905 quam
368 2822 448 2882 ad
494 2819 671 2901 polos
701 2842 958 2881 excessu
993 2815 1335 2877 milliarium
1382 2810 1799 2893 septendecim
1844 2807 2091 2878 circiter,
2125 2818 2192 2865 ut
2235 2825 2419 2884 supra
2463 2824 2572 2883 per

72 2984 77 2986 ,
155 2921 454 2983 theoriam
486 2919 727 2999 prodiit.
