2852 4250
196 130 326 190 420
987 114 1106 183 DE
1137 114 1217 166 M
1217 114 1425 166 UNDI
1453 113 1498 165 S
1508 113 1813 165 YSTEMA
1822 115 1920 165 TE

313 264 525 328 Annis
555 267 862 349 proximis
898 266 1093 351 (1699
1127 266 1189 329 &
1230 264 1416 350 1700)
1457 266 1539 328 D.
1574 266 1707 328 Des
1733 265 1955 348 Hayes
1980 267 2064 331 ad
2086 260 2459 335 Americam
2495 272 2746 339 denuo
2749 290 2776 363 ὁὶ

196 365 509 450 navigans
569 367 1021 430 determinavit
1067 367 1240 450 quod
1288 367 1351 428 in
1399 365 1620 428 insulis
1671 367 1979 448 Cayennoe
2021 369 2083 432 &
2133 371 2461 436 Granadae
2499 372 2703 459 longi·
2751 366 2779 479 ’Ξ

194 467 352 530 tudo
382 467 643 549 penduli
689 468 773 530 ad
819 469 1063 530 minuta
1108 467 1390 530 secunda
1434 464 1779 529 oscillantis
1825 481 1998 532 esset
2042 470 2234 552 paulo
2270 474 2480 538 minor
2514 498 2709 559 quam
2754 456 2780 561 ἦ

193 567 335 648 ped.
402 587 436 647 3
499 566 602 630 lin.
669 568 760 641 ὁὲν,
824 569 1126 651 quodque
1177 569 1239 629 in
1290 566 1496 629 insula
1548 567 1617 631 S.
1688 567 2135 651 Chrzk‘toplzorz
2194 570 2530 658 longitudo
2600 574 2711 639 illa

194 681 366 730 esset
424 668 568 749 ped.
626 689 660 748 3
704 667 808 731 lin.
871 669 962 741 6³23
1020 669 1082 731 &
1135 669 1312 751 quod
1366 668 1429 730 in
1492 666 1698 731 insula
1759 669 1828 733 S.
1880 670 2215 734 Domz'nz'cz'
2261 674 2489 738 eadem
2537 690 2711 741 esset
2767 737 2774 744 .

192 767 334 850 ped.
390 787 424 848 3
476 766 579 829 lin.
639 786 689 846 7.
2781 850 2783 854 ¹

306 868 633 949 Annoque
674 886 851 947 1704.
944 870 1024 931 P.
1081 870 1401 933 Feuz'lleus
1447 871 1692 934 invenit
1745 872 1807 933 in
1861 873 2244 938 Porto-bello
2291 877 2355 939 in
2402 878 2711 942 America

191 968 658 1053 longitudinem
733 970 995 1052 penduli
1057 971 1140 1032 ad
1201 971 1447 1033 minuta
1505 972 1788 1035 secunda
1846 973 2192 1038 oscillantis
2251 999 2396 1041 esse
2469 973 2708 1061 pedum
2780 970 2785 1032 Ϊ

190 1070 379 1132 trium
431 1071 878 1133 Parisiensium
927 1071 989 1134 ἃ
1035 1070 1343 1133 linearum
1390 1084 1640 1134 tantum
1691 1073 1816 1153 51³2,
1858 1074 1923 1136 id
1970 1089 2083 1150 est,
2118 1077 2319 1140 tribus
2357 1079 2489 1142 fere
2525 1079 2709 1143 lineis
2785 1139 2789 1148 .

189 1171 547 1234 breviorem
622 1195 815 1255 quam
891 1172 1168 1234 Lutetiae
1237 1172 1665 1246 Parisiorum,
1728 1174 1844 1236 sed
1919 1190 2170 1240 errante
2239 1179 2703 1246 observatione.

194 1272 365 1334 Nam
427 1273 662 1336 deinde
723 1274 805 1336 ad
875 1273 1146 1336 insulam
1220 1274 1652 1336 Martinz'cam
1719 1275 2050 1360 naviganS‚
2114 1278 2360 1342 invenit
2432 1278 2706 1365 longitu-

186 1374 403 1437 dinem
451 1372 712 1456 penduli
767 1374 1082 1438 isochroni
1137 1397 1281 1438 esse
1325 1376 1565 1458 pedum
1612 1390 1860 1439 tantum
1907 1379 2098 1441 trium
2150 1380 2599 1444 Parisiensium
2646 1382 2710 1446 &

187 1472 496 1536 linearum
548 1474 672 1554 5ἒὲ.
2735 1487 2749 1496 ’

307 1577 611 1639 Latitudo
642 1590 857 1640 autem
905 1579 1205 1641 Paraz'bae
1246 1592 1346 1642 est
1392 1585 1487 1642 ὅς’·
1532 1579 1636 1660 38'
1673 1581 1755 1643 ad
1794 1595 2098 1657 austrum,
2133 1582 2196 1646 &
2226 1605 2303 1646 ea
2333 1585 2713 1648 Porto-belli
2789 1608 2797 1626 ··

187 1689 282 1756 9gr-
320 1700 354 1759 3
365 1678 423 1758 3'
457 1680 540 1740 ad
588 1681 865 1755 boream,
902 1681 963 1742 ἆ
1008 1680 1376 1744 latitudines
1424 1682 1769 1744 insularum
1821 1685 2138 1764 Cayennae,
2178 1684 2408 1763 Goreoe,
2447 1686 2706 1749 Guada-
2793 1733 2797 1753 ,

183 1779 398 1860 ίοιιβῶ,
432 1781 529 1840 M
519 1781 821 1854 ανίίνιίσῶ,
862 1782 923 1843 G
926 1783 1203 1859 ranam,
1240 1785 1469 1846 Sancti
1514 1785 1572 1847 C
1566 1785 1968 1866 lzrz'sloplzori,
2004 1785 2066 1847 &
2113 1786 2345 1848 Sancti
2381 1788 2713 1850 Domz'nicz'
2791 1847 2800 1879 ,Ι

187 1893 337 1941 sunt
398 1882 755 1963 respective
816 1893 912 1961 ιβ’·
970 1882 1086 1963 55’,
1148 1894 1280 1962 14gf·
1331 1885 1453 1963 40',
1515 1895 1646 1964 14gr.
1695 1885 1819 1959 00'‚
1881 1896 2012 1965 142¹·
2062 1887 2186 1966 44',
2247 1897 2375 1949 12⁸¹·
2434 1885 2511 1962 6',
2572 1899 2703 1968 17⁸¹·
2793 1967 2795 1969 ι

195 1978 309 2058 19'‚
375 1981 437 2043 &
507 1993 639 2060 19gr-
701 1982 808 2062 48'
866 1983 949 2044 ad
1011 1985 1288 2048 boream.
1430 1986 1520 2048 Et
1594 2008 1895 2049 excessus
1965 1986 2382 2071 longitudinis
2442 1988 2704 2071 penduli

189 2082 560 2145 Parisiensis
635 2107 829 2166 supra
902 2083 1336 2169 longitudines
1411 2087 1835 2169 pendulorum
1911 2089 2390 2152 isochronorum
2467 2090 2530 2151 in
2605 2090 2705 2153 his

181 2180 621 2246 latitudinibus
669 2186 1044 2247 observatas
1094 2201 1243 2249 sunt
1283 2187 1476 2270 paulo
1518 2191 1793 2274 majores
1839 2213 2033 2274 quam
2079 2213 2197 2273 pro
2243 2189 2459 2254 tabula
2502 2190 2709 2277 longi-

182 2285 473 2345 tudinum
520 2287 781 2367 penduli
827 2289 1119 2370 superius
1166 2305 1551 2372 computata.
1652 2292 1742 2354 Et
1786 2306 2127 2375 propterea
2172 2305 2340 2355 terra
2375 2291 2704 2375 aliquanto
2775 2327 2777 2329 ·

179 2383 364 2447 altior
414 2399 513 2447 est
565 2388 685 2450 sub
738 2403 1064 2471 aequatore
1115 2413 1309 2473 quam
1363 2414 1481 2474 pro
1527 2393 1855 2475 superiore
1901 2391 2159 2469 calculo,
2206 2391 2268 2454 &
2314 2393 2574 2456 densior
2616 2393 2700 2456 ad

181 2499 467 2548 centrum
500 2485 693 2569 quam
741 2490 803 2551 in
851 2491 1085 2554 fodinis
1124 2516 1325 2575 prope
1370 2495 1789 2576 superficiem,
1825 2495 1944 2557 nisi
1975 2495 2139 2557 forte
2170 2492 2412 2558 calores
2444 2494 2508 2556 in
2540 2516 2702 2558 zona

181 2588 418 2649 torrida
450 2588 914 2673 longitudinem
948 2593 1372 2675 pendulorum
1405 2595 1867 2678 aliquantulum
1899 2596 2210 2659 auxerint.

301 2688 693 2753 Observavit
737 2694 958 2775 utique
1011 2695 1090 2758 D.
1138 2696 1447 2759 Picarias
1491 2697 1666 2779 quod
1712 2697 1898 2780 virga
1941 2695 2162 2770 ferrea,
2211 2717 2356 2778 quae
2411 2709 2701 2778 tempore
2787 2779 2790 2782 Ι

179 2788 467 2870 hyberno
513 2793 620 2854 ubi
665 2792 969 2876 gelabant
1012 2795 1251 2879 frigora
1296 2810 1434 2860 erat
1477 2798 1662 2880 pedis
1701 2799 1886 2860 unius
1917 2796 2334 2881 longitudine,
2367 2797 2450 2859 ad
2483 2798 2699 2882 ignem

180 2890 482 2954 calefacta
531 2896 737 2957 evasit
786 2897 969 2978 pedis
1018 2899 1206 2960 unius
1256 2922 1400 2961 cum
1450 2915 1679 2983 quarta
1737 2914 1919 2983 parte
1967 2898 2167 2964 lineae.
2295 2899 2553 2962 Deinde
2615 2899 2697 2964 D.

177 2991 251 3053 de
307 2993 371 3053 la
428 2995 606 3056 Hire
659 2997 1030 3061 observavit
1089 3000 1264 3082 quod
1324 3001 1508 3084 virga
1567 3002 1772 3065 ferrea
1832 3023 1978 3084 quae
2039 3014 2329 3083 tempore
2389 2999 2698 3063 consimili

179 3091 466 3173 hyberno
503 3107 629 3157 'sex
683 3111 819 3158 erat
871 3100 1109 3179 pedum
1159 3100 1592 3185 longitudiniS‚
1645 3103 1752 3165 ubi
1806 3102 1925 3165 soli
1979 3102 2207 3165 aestivo
2259 3103 2701 3184 exponebatur
2850 3175 2852 3190 ξ

178 3194 383 3256 evasit
413 3217 528 3257 sex
559 3197 797 3277 pedum
844 3198 1259 3283 longitudinis
1307 3226 1450 3265 cum
1487 3204 1737 3267 duabus
1770 3204 1970 3267 tertiis
2002 3204 2288 3286 partibus
2319 3202 2521 3266 lineae.
2621 3203 2697 3266 In
2780 3271 2782 3273 ,
2836 3291 2840 3295 ¹

178 3295 387 3376 priore
434 3318 581 3357 casu
630 3297 799 3361 calor
843 3302 1045 3384 major
1088 3303 1206 3365 fuit
1252 3326 1444 3386 quam
1493 3306 1555 3367 in
1603 3306 1971 3388 posteriore,
2017 3304 2081 3366 in
2127 3303 2249 3366 hoc
2294 3325 2450 3366 vero
2496 3303 2700 3387 major
2780 3392 2782 3395 Ι

174 3396 293 3458 fuit
323 3418 516 3479 quam
549 3397 719 3461 calor
762 3413 1167 3465 externarum
1215 3406 1488 3486 partium
1535 3407 1817 3489 corporis
1859 3406 2172 3469 humani.'
2236 3405 2409 3467 Nam
2441 3402 2698 3467 metalla

175 3498 257 3559 ad
305 3497 505 3561 solem
552 3501 849 3589 aestivum
895 3502 1086 3566 valde
1132 3505 1537 3571 incalescunt.
1633 3508 1729 3570 At
1761 3508 1944 3592 virga
1972 3505 2233 3590 penduli
2267 3507 2330 3569 in
2363 3505 2695 3591 horologio

172 3596 554 3663 oscillatorio
585 3622 911 3683 nunquam
944 3605 1179 3685 exponi
1211 3605 1374 3668 solet
1404 3606 1594 3669 calori
1626 3606 1778 3670 solis
1804 3607 2033 3681 ·aestivi,
2061 3629 2388 3689 nunquam
2420 3605 2694 3671 calorem

173 3700 450 3781 concipit
494 3698 686 3762 calori
737 3714 1020 3764 externae
1066 3705 1420 3785 superficiei
1475 3708 1758 3789 corporis
1820 3708 2079 3769 humani
2142 3706 2474 3789 aequalem.
2602 3707 2693 3769 Et

170 3812 511 3882 propterea
584 3800 769 3884 virga
842 3800 1104 3883 penduli
1194 3803 1258 3865 in
1334 3804 1668 3890 horologio
1750 3821 1879 3870 tres
1955 3808 2156 3890 pedes
2230 3806 2425 3891 longa
2498 3804 2691 3889 paulo

172 3904 432 3986 quidem
494 3901 747 3989 longior
805 3906 925 3968 erit
985 3918 1274 3990 tempore
1334 3909 1562 3972 aestivo
1622 3933 1815 3993 quam
1877 3911 2182 3995 hyberno,
2246 3911 2361 3973 sed
2422 3932 2688 3974 excessu
