2852 4250
175 166 217 225 4
231 166 306 209 10
967 146 1086 196 DE
1119 145 1408 198 MUNDJ
1432 143 1792 197 SYSTEMA
1800 145 1899 196 TE
2747 108 2763 117 ”

171 337 290 397 per
339 314 512 377 vices
566 311 952 376 acceleratur
1004 313 1067 376 Sc
1118 312 1490 376 retardatur.
1607 311 1808 375 Error
1857 323 2074 376 tamen
2126 313 2334 377 omnis
2385 313 2450 378 in
2502 311 2680 380 motu

169 417 308 499 ejus
339 416 574 478 circum
605 413 807 478 solem
837 437 877 477 a
906 427 1085 477 tanta
1131 415 1197 476 vi
1245 413 1550 476 oriundus
1603 410 2055 495 (praeterquam
2103 414 2168 477 in
2216 428 2393 479 motu
2440 417 2681 502 medio)

168 516 392 578 evitari
441 515 574 602 fere
621 519 837 597 potest
887 515 1336 578 constituendo
1385 512 1754 576 umbilicum
1804 513 2165 599 inferiorem
2214 516 2385 579 orbis
2430 517 2569 600 ejus
2619 517 2684 579 in

168 617 488 680 communi
542 629 760 679 centro
810 615 1144 699 gravitatis
1187 614 1361 697 jovis
1412 613 1474 675 &
1525 612 1677 676 solis
1734 612 1874 697 (per
1920 636 2095 697 prop.
2144 635 2323 679 van
2367 615 2469 682 lib.
2514 615 2571 701 1)
2621 617 2686 680 8t.

169 731 509 800 propterea
540 717 646 778 ubi
680 717 997 778 maximus
1029 727 1128 777 est
1172 715 1284 776 vix
1315 726 1576 796 superat
1620 713 1866 775 minuta
1895 714 2025 777 duo
2069 715 2292 797 prima.
2356 727 2358 729 ’
2389 716 2482 778 Et
2510 738 2687 779 error
2796 717 2799 724 '

167 819 482 880 maximus
516 819 579 879 in
611 829 788 879 motu
820 816 1034 878 medio
1064 815 1176 877 vix
1206 826 1470 896 superat
1499 804 1750 876 minuta
1767 814 1897 878 duo
1927 814 2133 897 prima
2161 816 2507 879 annuatim.
2605 816 2683 878 In

166 923 611 1006 conjunctione
656 933 871 983 autem
908 920 1081 1003 jovis
1130 919 1192 981 &
1222 919 1463 981 saturni
1508 918 1859 1002 gravitates
1903 917 2371 983 acceleratrices
2418 918 2570 983 solis
2619 920 2683 983 in

167 1036 512 1095 saturnum,
537 1021 710 1104 jovis
742 1021 806 1082 in
838 1032 1169 1082 saturnum
1215 1019 1279 1082 &
1314 1015 1488 1103 jovis
1536 1019 1600 1080 in
1645 1017 1847 1081 solem
1892 1031 2044 1081 sunt
2086 1019 2219 1082 fere
2248 1032 2321 1082 ut
2359 1024 2451 1095 16,
2486 1022 2560 1082 81
2619 1019 2684 1082 8c

175 1128 248 1184 16
295 1143 335 1184 Χ
384 1126 456 1183 81
512 1142 553 1183 Χ
603 1142 761 1201 3021

429 1245 505 1306 25

161 1340 491 1390 saturnum
525 1326 587 1389 ἃ
608 1327 780 1410 jovis
813 1327 876 1389 in
908 1339 1239 1390 saturnum
1271 1340 1370 1390 est
1400 1326 1484 1389 ad
1527 1326 1911 1411 gravitatem
1947 1325 2122 1409 jovis
2166 1324 2231 1388 in
2263 1323 2464 1388 solem
2494 1338 2567 1388 ut
2597 1330 2676 1406 65

162 1428 246 1489 ad
301 1432 549 1507 156609
598 1449 712 1490 seu
772 1449 794 1489 1
852 1428 936 1490 ad
989 1449 1173 1507 2409.
1273 1427 1448 1490 Huic
1501 1441 1716 1490 autem
1769 1426 2144 1489 differentiae
2192 1425 2682 1509 proportionalis
2712 1480 2744 1504 1,

162 1541 262 1591 est
293 1528 572 1591 maxima
603 1529 843 1590 saturni
890 1529 1171 1591 efficacia
1215 1529 1298 1591 ad
1343 1529 1847 1611 perturbandum
1896 1540 2141 1591 motum
2173 1528 2363 1612 joviS‚
2398 1526 2461 1589 &
2490 1549 2679 1610 prop-

158 1642 334 1692 terea
392 1629 786 1711 perturbatio
846 1631 1018 1692 orbis
1069 1629 1328 1714 jovialis
1380 1629 1575 1715 longe
1624 1630 1832 1692 minor
1878 1643 1978 1692 est
2029 1651 2224 1712 quam
2276 1651 2355 1692 ea
2397 1628 2678 1692 saturnii.

166 1729 585 1812 Reliquorum
617 1731 864 1793 orbium
896 1732 1407 1812 perturbationes
1439 1744 1590 1821 sunt
1619 1731 1829 1793 adhuc
1873 1728 2066 1814 longe
2096 1731 2389 1804 minoreS,
2423 1727 2682 1812 praeter-

165 1853 359 1913 quam
410 1830 585 1912 quod
631 1830 803 1892 orbis
852 1843 1039 1893 terrae
1086 1830 1473 1894 sensibiliter
1521 1831 1928 1913 perturbatur
1971 1853 2011 1892 a
2061 1829 2225 1896 luna.
2322 1831 2682 1894 Commune

164 1945 452 1995 centrum
492 1932 826 2015 gravitatis
875 1945 1061 1994 terrae
1113 1932 1173 1994 &
1222 1931 1391 1994 lunae
1439 1930 1689 2013 ellipsin
1736 1932 1970 1994 circum
2019 1930 2221 1993 solem
2275 1931 2338 1993 in
2384 1929 2684 1994 umbilico

162 2035 441 2115 positum
482 2034 804 2115 percurrit,
840 2033 902 2094 &
934 2034 1112 2096 radio
1143 2033 1225 2095 ad
1257 2031 1457 2096 solem
1489 2033 1683 2096 ducto
1713 2055 1895 2096 areas
1934 2034 1997 2095 in
2030 2033 2257 2096 eadem
2287 2032 2683 2114 temporibus

162 2131 668 2215 proportionales
728 2133 1046 2207 describit,
1101 2135 1479 2197 terra'vero
1527 2133 1762 2196 circum
1822 2134 1945 2199 hoc
2003 2148 2292 2198 centrum
2344 2154 2683 2198 commune

163 2248 341 2299 motu
373 2248 703 2298 menstruo
735 2233 1099 2298 revolvitur.

815 1186 929 1227 seu
986 1168 1252 1244 156609,
1301 1163 1578 1245 ideoque
1624 1162 1982 1225 differentia
2013 1163 2403 1247 gravitatum
2434 1160 2586 1226 solis
2618 1162 2682 1225 in

442 2467 1090 2531 PROPOSITIO
1171 2467 1380 2531 XIV.
1505 2465 2123 2531 THEOREMA
2203 2465 2412 2529 XIV.

817 2625 1088 2687 Orbium
1117 2624 1366 2706 aphelia
1401 2625 1484 2691 ὥ*
1513 2624 1668 2686 nodi
1689 2624 2023 2708 quiescunt.

280 2809 561 2892 Aphelia
614 2809 963 2892 quiescunt,
1019 2833 1136 2893 per
1187 2833 1365 2893 prop.
1418 2831 1488 2872 XI
1537 2809 1640 2873 lib.
1703 2832 1770 2885 13
1823 2822 1896 2872 ut
1953 2808 2015 2871 81.
2045 2808 2295 2872 orbium
2326 2804 2533 2888 plana,
2566 2827 2683 2888 per
2810 2722 2852 2902 ἓ

164 2911 452 2993 ejusdem
500 2910 639 2972 libri
673 2933 850 2992 prop.
887 2931 909 2971 1
958 2910 1020 2972 &
1068 2912 1542 2994 quiescentibus
1590 2910 1797 2993 planis
1844 2911 2179 2993 quiescunt
2226 2909 2394 2971 nodi.
2490 2907 2680 2969 Atta-
2809 2903 2847 2990 i!

165 3032 312 3071 men
345 3033 383 3071 a
406 3009 802 3091 planetarum
835 3010 1301 3074 revolventium
1328 3012 1389 3074 &
1409 3025 1800 3075 cometarum
1825 3011 2177 3073 actionibus
2210 3010 2272 3071 in
2306 3031 2376 3072 se
2407 3008 2681 3071 invicem
2837 2995 2847 3056 l

163 3111 446 3173 orientur
490 3111 953 3194 inaequalitates
999 3112 1248 3196 aliquae,
1288 3114 1404 3176 sed
1452 3135 1598 3196 quae
1644 3114 1728 3176 ob
1774 3113 2158 3195 parvitatem
2206 3110 2308 3173 hic
2356 3109 2679 3173 contemni
2837 3074 2852 3236 ἰ

164 3224 449 3293 possunt.
2840 3247 2852 3279 ι

286 3312 486 3374 Corol.
546 3333 594 3374 1.
648 3311 1005 3391 Quiescunt
1052 3314 1243 3376 etiam
1292 3314 1494 3379 stellae
1535 3316 1700 3392 fixae,
1755 3326 2096 3397 propterea
2143 3312 2318 3395 quod
2365 3311 2550 3374 datas
2594 3311 2680 3375 ad

164 3410 416 3494 aphelia
447 3412 779 3494 nodosque
810 3414 1159 3494 positiones
1189 3428 1466 3479 servant.
2844 3414 2852 3498 l

286 3513 486 3575 Corol.
541 3534 595 3575 2.
651 3513 938 3595 Ideoque
990 3536 1135 3576 cum
1196 3514 1367 3578 nulla
1425 3517 1508 3578 sit
1566 3537 1786 3579 earum
1837 3513 2178 3598 parallaxis
2229 3511 2543 3577 sensibilis
2595 3534 2679 3576 ex

162 3624 349 3674 terrae
408 3624 586 3675 motu
647 3634 863 3676 annuo
915 3615 1199 3689 oriunda,
1256 3617 1427 3678 vires
1487 3638 1707 3679 earum
1759 3616 1844 3680 ob
1897 3616 2277 3679 immensam
2337 3635 2675 3697 corporum

162 3714 531 3775 distantiam
563 3712 768 3777 nullos
800 3714 993 3777 edent
1015 3715 1346 3780 sensibiles
1376 3717 1640 3780 effectus
1671 3718 1735 3780 in
1767 3717 2028 3802 regione
2058 3716 2423 3800 systematis
2454 3714 2670 3779 nostri.

166 3815 481 3900 Quinimo-
521 3814 666 3878 fixae
727 3815 791 3878 in
843 3836 1068 3879 omnes
1127 3815 1271 3879 coeli
1330 3830 1545 3899 partes
1605 3816 1936 3900 aequaliter
1986 3817 2293 3899 dispersae
2346 3814 2674 3880 contrariis

163 3916 645 3980 attractionibus
676 3916 844 3980 vires
876 3928 1130 3979 mutuas
1160 3916 1510 3991 destruunt,
1545 3939 1660 3999 per
1687 3939 1864 4000 prop.
1901 3936 2033 3980 Lxx
2065 3915 2168 3980 lib.
2217 3937 2263 3980 1.
