2846 4224
1089 121 1327 168 LIBER
1359 122 1669 171 PRIMUS.
2515 152 2555 207 4
2567 153 2587 191 1

161 300 309 357 sunt
351 287 510 348 inter
547 306 616 346 se
659 296 728 345 ut
770 305 1023 344 arcuum
1067 282 1412 363 aequalibus
1457 284 1841 362 temporibus
1871 285 2319 366 descriptorum
2359 292 2599 372 sagittae

79 378 82 380 Ὺ
163 384 283 447 illae
343 405 486 463 quae
529 378 917 462 convergunt
959 381 1040 441 ad
1085 394 1365 440 centrum
1427 380 1667 452 virium,
1717 380 1777 440 &
1838 381 2102 470 chordas
2161 384 2439 452 bisecant
2496 390 2599 448 ubi

161 503 338 544 arcus
382 479 464 541 i-lli
496 480 558 540 in
603 478 909 539 infinitum
953 477 1394 537 diminuuntur.
1519 477 1690 536 Nam
1721 477 1819 538 hae
1864 479 2109 559 sagittae
2141 494 2285 541 sunt
2313 484 2600 545 semisses

162 576 596 661 diagonalium,
629 576 710 636 de
740 576 965 655 quibus
996 574 1238 655 egimus
1269 574 1331 633 in
1363 572 1683 635 corollario
1714 576 1911 636 tertio.
2302 557 2306 562 ⁵

280 676 475 738 Corol.
515 693 567 753 5.
622 674 902 754 Ideoque
948 673 1116 732 vires
1174 671 1415 732 eaedem
1473 685 1620 732 sunt
1677 673 1757 732 ad
1816 673 1945 733 vim
2002 674 2342 754 gravitatiS‚
2389 689 2459 736 ut
2504 677 2601 738 hae

162 776 406 858 sagittae
436 773 516 834 ad
560 772 820 853 sagittas
864 769 1166 831 horizonti
1212 769 1754 848 perpendiculares
1799 792 2050 830 arcuum
2096 772 2600 851 parabolicorum‚

163 895 320 955 quos
348 869 689 952 projectilia
718 869 942 930 eodem
972 880 1253 945 tempore
1283 867 1656 928 describunt.

279 970 473 1031 Corol.
510 974 563 1029 6.
618 967 862 1027 Eadem
907 967 1116 1027 omnia
1159 966 1443 1026 obtinent
1487 988 1599 1045 per
1627 965 1835 1047 legum
1867 966 2047 1029 corol.
2083 991 2140 1029 v.
2177 969 2281 1028 ubi
2312 967 2512 1048 plana,
2546 970 2606 1029 in

163 1069 386 1150 quibus
415 1088 673 1146 corpora
716 1078 1060 1135 moventur,
1094 1085 1218 1124 una
1261 1085 1402 1124 cum
1447 1064 1673 1124 centris
1718 1065 1956 1136 virium,
2004 1087 2144 1145 quae
2191 1067 2251 1126 in
2299 1067 2447 1145 ipsis
2491 1067 2609 1126 sita

161 1179 318 1238 sunt,
352 1186 474 1227 non
506 1165 844 1245 quiescunt,
877 1162 989 1223 sed
1021 1175 1351 1224 moventur
1379 1162 1769 1223 uniformiter
1798 1163 1859 1222 in
1891 1163 2208 1225 directum.

540 1394 1165 1457 PROPOSITIO
1238 1395 1338 1455 ΙΙ.
1477 1394 2082 1455 THEOREMA
2152 1397 2250 1457 ΙΙ.

170 1551 407 1631 Corpus
434 1571 620 1624 omne,
652 1548 817 1629 quod
840 1554 1115 1607 movetur
1153 1546 1222 1607 in
1268 1546 1433 1606 linea
1474 1545 1689 1625 aliqua
1719 1567 1909 1607 curva
1953 1547 2022 1607 in
2052 1549 2253 1627 plano
2296 1548 2611 1627 descripta,

254 1665 335 1728 <⁶5³
391 1662 568 1723 radio
625 1662 799 1721 ducto
855 1660 946 1719 ad
993 1666 1301 1739 punctum
1368 1659 1466 1718 vel
1531 1658 1847 1733 immobile,
1909 1660 2007 1718 vel
2071 1667 2240 1719 motu
2314 1661 2615 1720 rectilineo

247 1776 653 1855 uniformiter
662 1773 1080 1855 progrediens,
1109 1772 1388 1833 describit
1425 1793 1601 1833 areas
1638 1773 1799 1832 circa
1814 1780 2122 1850 punctum
2154 1773 2322 1832 illud
2357 1782 2611 1852 tempor-

246 1887 381 1948 ibus
394 1887 901 1967 proportionales,
928 1893 1192 1966 urgetnr
1210 1907 1249 1944 a
1279 1886 1346 1944 vi
1362 1885 1692 1965 centripeta
1714 1884 1986 1944 tendente
2011 1884 2100 1943 ad
2122 1884 2274 1943 idem
2289 1893 2608 1963 punctum.

281 2054 413 2115 Cas,
458 2074 503 2114 1.
559 2053 727 2112 Nam
772 2072 994 2130 corpus
1040 2071 1240 2121 omne,
1291 2050 1461 2129 quod
1507 2062 1794 2110 movetur
1838 2051 1898 2109 in
1944 2048 2106 2109 linea
2156 2072 2360 2120 curva,
2408 2050 2611 2110 detor-

165 2165 389 2232 quetur
417 2150 497 2211 de
533 2172 711 2210 cursu
766 2147 1079 2209 rectilineo
1126 2169 1238 2226 per
1288 2148 1416 2207 vim
1469 2147 1738 2227 aliquam
1786 2148 1846 2206 in
1893 2148 2095 2226 ipsum
2139 2161 2430 2228 agentem
2480 2147 2616 2229 <per

164 2250 280 2331 leg.
332 2248 426 2331 1.).
502 2250 590 2309 Et
635 2250 731 2309 vis
785 2247 899 2319 illa,
950 2268 1074 2325 qua
1118 2267 1340 2324 corpus
1372 2246 1451 2305 de
1497 2268 1677 2305 cursu
1723 2244 2037 2306 rectilineo
2082 2246 2498 2324 detorquetur,
2554 2245 2614 2305 &

165 2348 407 2429 cogitur
473 2345 779 2428 triangula
837 2365 1024 2424 quam
1084 2344 1339 2402 minima
1398 2344 1454 2402 8
1470 2344 1537 2402 Α
1563 2345 1641 2413 Β,
1705 2344 1760 2403 8
1773 2344 1837 2402 Β
1860 2343 1939 2415 C„
1987 2344 2043 2403 8
2062 2344 2117 2402 C
2128 2344 2213 2414 D,
2276 2342 2385 2403 &o
2456 2343 2615 2402 circa

165 2458 462 2525 punctum
506 2442 820 2505 immobile
867 2444 922 2502 S
962 2441 1345 2520 temporibus
1391 2440 1734 2519 aequalibus
1780 2439 2044 2520 aequalia
2087 2441 2451 2510 describere,
2485 2441 2614 2521 agit

166 2543 226 2602 in
258 2542 393 2603 loco
421 2544 486 2602 B
516 2542 860 2603 secundum
891 2539 1117 2599 lineam
1164 2537 1520 2618 parallelam
1567 2540 1683 2618 ipsi
1727 2561 1757 2598 e
1805 2539 1862 2598 C
1891 2538 2026 2618 (per
2069 2559 2241 2616 prop.
2278 2558 2377 2598 XL.
2414 2536 2515 2598 lib.
2562 2559 2607 2598 1.

166 2640 341 2702 elem.
399 2641 459 2702 &
503 2640 619 2722 leg.
671 2639 789 2722 11.)
824 2639 941 2699 hoc
986 2650 1098 2710 est,
1133 2637 1475 2697 secundum
1522 2636 1748 2697 lineam
1795 2636 1970 2706 BS‚·
2023 2635 2082 2695 &
2129 2636 2188 2694 in
2234 2633 2371 2695 loco
2423 2636 2479 2695 C
2515 2656 2610 2695 se—

167 2739 435 2799 cundum
481 2738 706 2799 lineam
754 2738 868 2817 ipsi
912 2737 962 2796 d
982 2736 1053 2795 D
1096 2734 1468 2814 parallelam,
1518 2734 1634 2795 hoc
1679 2748 1789 2805 est,
1823 2733 2164 2794 secundum
2195 2731 2421 2791 lineam
2469 2732 2524 2791 8
2549 2733 2611 2803 C,

168 2835 277 2897 &a
370 2836 528 2918 Agit
558 2858 709 2918 ergo
753 2855 1002 2914 semper
1052 2833 1394 2894 secundum
1426 2832 1619 2893 lineas
1665 2832 1993 2893 tendentes
2025 2831 2105 2890 ad
2136 2843 2433 2910 punctum
2466 2829 2612 2890 illud

116 2983 118 2985 ,
168 2932 480 2995 immobile
513 2934 578 2994 8.
673 2933 941 3008 Q.E.D.

283 3031 509 3093 Casxz.
563 3031 664 3102 Et,
698 3053 810 3110 per
837 3029 1046 3112 legum
1092 3028 1479 3091 corollarium
1525 3029 1825 3108 quintum,
1859 3027 2116 3107 perinde
2160 3039 2270 3097 est,
2303 3026 2437 3085 sive
2481 3026 2611 3104 qui-

168 3143 335 3190 escat
391 3129 762 3209 superficieS‚
811 3130 872 3189 in
933 3150 1057 3208 qua
1115 3150 1339 3207 corpus
1384 3128 1679 3188 describit
1723 3127 1985 3207 figuram
2032 3124 2447 3195 curvilineam‚
2481 3125 2614 3183 sive

170 3240 493 3287 moveatur
534 3227 755 3288 eadem
808 3248 932 3286 una
982 3248 1122 3286 cum
1168 3247 1442 3305 corpore,
1494 3225 1691 3306 figura
1734 3225 2059 3304 descripta,
2109 3224 2168 3284 &
2219 3235 2449 3302 puncto
2501 3244 2614 3281 suo

171 3324 227 3383 8
250 3325 633 3387 uniformiter
661 3326 722 3386 in
753 3327 1071 3386 directum.

285 3422 482 3484 Corol.
527 3444 573 3484 1.
628 3424 702 3483 In
733 3424 949 3502 spatiis
994 3421 1094 3482 vel
1127 3422 1347 3482 mediis
1390 3443 1514 3482 non
1547 3420 1989 3490 resistentibuS,
2024 3420 2074 3479 si
2117 3440 2276 3478 areae
2309 3439 2434 3478 non
2467 3430 2612 3476 sunt

170 3520 547 3598 temporibus
598 3517 1105 3600 proportionaleS‚
1152 3520 1317 3579 vires
1363 3540 1486 3579 non
1540 3518 1805 3578 tendunt
1855 3518 1935 3577 ad
1989 3538 2365 3578 concursum·
2413 3515 2609 3575 radio-

172 3637 345 3688 rum3
388 3617 500 3678 sed
532 3618 676 3679 inde
706 3616 1019 3678 declinant
1049 3618 1110 3676 in
1152 3617 1611 3696 consequentia,
1646 3638 1755 3676 seu
1788 3636 2004 3675 versus
2036 3612 2284 3693 plagam
2318 3613 2378 3672 in
2425 3631 2609 3690 quam

173 3711 242 3772 fit
299 3726 517 3785 motus,
571 3715 621 3774 si
675 3715 863 3776 modo
914 3737 1195 3776 arearum
1242 3715 1575 3794 descriptio
1634 3712 2044 3774 acceleratur}
2109 3711 2201 3770 sin
2251 3709 2605 3777 retardatur,

172 3808 483 3872 declinant
514 3812 573 3872 in
605 3812 1051 3874 antecedentia.
