2852 4250
171 119 293 178 228
989 109 1106 159 DE
1139 103 1376 158 MOTU
1408 98 1715 154 CORPOR
1727 97 1851 149 ΠΜ

167 307 380 350 curvae
416 280 737 358 CP‚·CQ
770 279 924 362 ipsis
953 277 1023 339 A
1047 277 1135 350 D,
1167 272 1339 337 DJ<

168 407 424 468 semper
481 378 1032 467 perpendiculares
1061 401 1074 440 :
1149 386 1335 438 erunt

172 489 560 574 incrementa
605 483 914 544 linearum
961 477 1130 549 PD,
1167 474 1332 552 QD,

171 600 365 668 atque
397 585 541 646 ideo
572 582 755 643 lineae
787 581 943 662 ipsae
982 577 1142 650 PD,
1178 574 1333 651 QD,

173 684 576 749 incrementis
609 682 743 744 istis
772 679 1024 764 genitae,
1057 689 1129 738 ut
1163 676 1338 737 sinus

174 785 533 849 incidentiae
566 782 629 844 &
673 777 1082 862 emergentiae
1127 775 1210 837 ad
1246 774 1337 836 in-

173 886 380 948 vicem
409 907 421 946 z
470 882 530 944 &
561 892 793 943 contra.

313 1145 952 1213 PROPOSITIO
1033 1144 1407 1207 XCVIII.
1509 1146 2087 1210 PROBLEMA
2169 1147 2548 1211 XLVIII.

176 1314 408 1377 Iisdem
450 1310 693 1393 positis,
760 1311 842 1376 ὥ*
899 1307 1065 1370 circa
1131 1329 1309 1369 axem
1370 1307 1433 1368 A
1474 1308 1523 1368 Β
1583 1308 1890 1393 descrzpta
1947 1310 2269 1393 superficie
2327 1327 2692 1394 quacunque

265 1426 604 1490 attractiva
654 1424 707 1485 C
734 1423 817 1499 D,
862 1422 1154 1504 regulari
1192 1423 1293 1484 vel
1336 1422 1704 1504 irregulari,
1741 1435 1869 1506 per
1906 1448 2098 1508 quam
2141 1436 2402 1509 corpora
2446 1427 2522 1490 a'e
2566 1428 2690 1489 loco
2757 1473 2765 1479 ·

266 1542 411 1604 dato
471 1540 536 1601 A
595 1538 884 1602 exeuntia
943 1538 1222 1599 transire
1269 1535 1482 1599 debent
1502 1563 1522 1600 .·
1588 1538 1872 1602 invenire
1923 1541 2306 1624 superficiem
2363 1541 2691 1604 secundam

268 1654 673 1719 attractz'vam
724 1653 780 1713 E
815 1653 885 1725 F,
935 1673 1074 1734 qaoe
1115 1660 1375 1733 corpora
1422 1652 1542 1714 illa
1588 1654 1680 1714 ad
1718 1656 1918 1716 locum
1965 1656 2189 1718 datum
2241 1658 2292 1718 B
2339 1630 2705 1740 convergere

251 1772 480 1854 saciat.

300 1945 534 2026 Juncta
579 1944 648 2005 A
678 1943 745 2004 B
791 1955 964 2004 secet
1014 1941 1413 2023 superficiem
1462 1942 1733 2023 primam
1783 1944 1845 2006 in
1898 1946 1958 2008 C
1996 1945 2058 2008 &
2102 1947 2449 2009 secundam
2498 1947 2561 2008 in
2609 1946 2694 2018 E,

187 2058 423 2127 puncto
466 2045 540 2105 D
570 2057 891 2124 utcunque
922 2056 1266 2123 assumpto,
1366 2042 1456 2104 Et
1500 2043 1710 2124 posito
1754 2045 1896 2107 sinu
1944 2046 2304 2109 incidentiae
2337 2048 2398 2108 in
2431 2046 2696 2129 superfi-

189 2147 350 2209 ciem
396 2145 664 2227 primam
713 2144 795 2205 ad
842 2144 1050 2204 sinum
1100 2145 1510 2227 emergentiae
1564 2167 1645 2207 ex
1691 2146 1935 2221 eadem,
1988 2147 2050 2210 &
2094 2131 2236 2210 sinu
2285 2148 2697 2232 emergentiae

190 2270 227 2310 e
279 2246 610 2328 superficie
662 2244 943 2306 secunda
994 2245 1076 2306 ad
1130 2245 1338 2306 sinum
1394 2246 1755 2310 incidentiae
1801 2248 1863 2309 in
1918 2249 2206 2323 eandem,
2258 2262 2329 2311 ut
2376 2248 2698 2332 quantitas

189 2346 400 2430 aliqua
430 2347 580 2407 data
615 2345 684 2405 M
721 2345 802 2406 ad
834 2343 1021 2405 aliam
1054 2345 1270 2406 datam
1308 2345 1367 2406 N
1403 2368 1414 2407 ε
1463 2347 1704 2428 produc
1736 2360 1872 2409 tum
1903 2348 1974 2410 A
1997 2350 2064 2410 B
2091 2350 2174 2411 ad
2226 2351 2302 2423 G,
2335 2363 2406 2412 ut
2428 2349 2511 2412 sit
2548 2350 2615 2411 B
2639 2347 2700 2410 G

208 3292 291 3354 ad
327 3291 468 3404 ce
495 3304 565 3352 ut
599 3290 829 3351 M-N
866 3291 948 3352 ad
986 3290 1046 3351 N
1079 3316 1091 3366 ;
1140 3304 1275 3353 tum
1307 3294 1473 3355 AD
1502 3296 1583 3356 ad
1616 3297 1709 3370 H,
1744 3310 1814 3359 ut
1858 3298 1941 3360 sit
1983 3299 2164 3360 AH
2205 3300 2468 3383 aequalis
2497 3302 2569 3363 A
2604 3264 2714 3375 Gss·

208 3405 344 3455 tum
376 3404 567 3453 etlam
598 3391 859 3503 DBad
889 3392 979 3464 K,
1012 3404 1083 3453 ut
1113 3393 1195 3454 sit
1227 3394 1506 3457 DKad
1551 3397 1731 3458 ΒΗ
1766 3411 1836 3459 ut
1870 3398 1931 3459 N
1969 3399 2052 3461 ad
2088 3400 2179 3463 M.
2291 3402 2506 3486 Junge
2534 3403 2708 3476 KB,

212 3492 274 3554 &
326 3504 544 3553 centro
602 3492 675 3551 D
727 3490 1058 3553 mtervallo
1111 3494 1185 3553 D
1207 3494 1296 3555 H
1345 3494 1634 3558 describe
1694 3497 1994 3560 circulum
2055 3516 2490 3565 occurrentem
2548 3504 2713 3564 KB

210 3591 535 3674 productae
589 3591 651 3651 in
701 3591 780 3664 L,
837 3591 1084 3673 ipsique
1128 3594 1283 3654 DL
1332 3594 1697 3675 parallelam
1751 3619 1872 3681 age
1919 3601 2110 3663 BF:
2180 3601 2242 3664 ἃ
2294 3616 2599 3684 punctum
2650 3605 2723 3666 F

211 3704 435 3775 tanget
469 3690 701 3753 lineam
745 3692 816 3752 E
830 3693 906 3765 F,
954 3714 1099 3774 quae
1145 3693 1307 3756 circa
1350 3716 1537 3757 axem
1587 3697 1656 3756 A
1683 3697 1750 3757 B
1797 3698 2084 3761 revoluta
2131 3701 2447 3765 describet
2498 3725 2715 3785 super-

213 3793 419 3855 ficiem
451 3792 799 3873 quaesitam.
894 3792 1152 3868 QEF.
