2852 4250
2677 0 2795 136 »Ἰ

2786 189 2794 200 ,

170 159 204 219 3
213 141 296 202 80
996 139 1114 188 DE
1145 139 1225 189 Μ
1221 139 1384 191 OTU
1417 139 1463 190 C
1465 138 1724 190 ORPOR
1735 139 1860 190 UM

168 307 500 369 materiam
561 307 834 370 vorticis,
957 306 1112 368 Sine
1174 304 1280 366 tali
1342 304 1654 386 principio
1714 325 1976 367 necesse
2035 319 2135 369 est
2189 301 2284 370 ut‘
2320 305 2552 392 globus
2613 310 2676 374 &

166 407 426 469 vorticis
458 420 670 489 partes
703 406 1049 478 interioreS,
1082 417 1514 486 propagantes
1537 425 1792 485 semper
1820 416 2066 467 motum
2091 427 2277 468 suum
2310 407 2374 469 in
2405 410 2674 473 exterio-

168 530 300 581 reS‚·
343 530 552 590 neque
606 530 845 570 novum
892 506 1168 588 aliquem
1223 518 1467 567 motum
1513 505 1907 587 recipienteS,
1955 507 2320 570 tardescant
2371 508 2676 590 paulatim

169 607 232 670 &
264 608 326 669 in
358 599 578 670 orbem
610 607 714 689 agi
747 607 1058 668 desinant.

288 710 488 771 Corol.
528 726 580 787 5.
632 708 702 769 Si
733 705 964 790 globus
1010 704 1171 767 alter
1214 706 1359 767 huic
1405 706 1628 768 vortici
1675 706 1757 768 ad
1805 720 2043 769 certam
2089 709 2170 770 ab
2217 709 2414 791 ipsius
2459 724 2679 775 centro

165 810 532 872 distantiam
593 809 925 882 innataret,
990 806 1051 868 &
1110 805 1356 868 interea
1415 807 1579 868 circa
1638 827 1826 869 axem
1881 807 2284 871 inclinatione
2337 810 2560 873 datum
2611 812 2678 874 vi

164 910 378 992 aliqua
438 921 804 971 constanter
862 904 1332 980 revolveretur;
1411 906 1598 989 hujus
1659 921 1836 969 motu
1902 923 2231 990 raperetur
2288 910 2553 973 fluidum
2614 913 2678 974 in

163 1015 511 1077 vorticem:
582 1011 644 1073 &
696 1011 903 1091 primo
951 1007 1388 1070 revolveretur
1439 1009 1540 1070 hic
1592 1023 1820 1071 vortex
1867 1031 2073 1072 novus
2128 1011 2190 1073 &
2241 1013 2511 1095 exiguus
2552 1035 2680 1075 una

163 1125 307 1176 cum
359 1112 553 1196 globo
614 1112 777 1173 circa
837 1123 1124 1172 centrum
1171 1108 1447 1184 alteriuS,
1502 1109 1563 1171 &
1612 1110 1854 1171 interea
1905 1109 2092 1172 latius
2145 1125 2430 1193 serperet
2482 1113 2680 1194 ipsius

164 1226 389 1286 motuS,
440 1212 502 1273 &
562 1210 866 1292 paulatim
928 1224 1391 1294 propagaretur
1451 1212 1513 1272 in
1577 1211 1908 1284 infinitum,
1956 1212 2040 1273 ad
2101 1213 2364 1275 modum
2423 1214 2681 1277 vorticis

162 1313 365 1395 primi.
465 1312 555 1373 Et
586 1312 813 1374 eadem
846 1312 1108 1388 ratione,
1145 1334 1273 1393 qua
1319 1313 1506 1395 hujus
1551 1311 1781 1395 globus
1831 1325 2160 1393 raperetur
2203 1327 2379 1376 motu
2421 1316 2682 1377 vorticis

163 1414 436 1486 alteriuS,
472 1425 800 1494 raperetur
830 1412 1022 1473 etiam
1068 1411 1299 1495 globus
1345 1413 1602 1476 alterius
1649 1426 1826 1475 motu
1859 1413 2062 1496 hujuS,
2097 1414 2187 1475 sic
2217 1427 2288 1476 ut
2330 1413 2505 1497 globi
2551 1415 2682 1479 duo

162 1516 325 1577 circa
372 1514 819 1576 intermedium
866 1512 1124 1594 aliquod
1177 1527 1483 1594 punctum
1531 1512 2028 1587 revolverentur,
2083 1536 2284 1596 seque
2330 1528 2552 1578 mutuo
2595 1517 2681 1579 ob
2734 1512 2767 1540 ⁸

162 1630 407 1678 motum
469 1614 642 1676 illum
705 1612 1071 1675 circularem
1132 1614 1445 1697 fugerent,
1509 1616 1628 1676 nisi
1689 1638 1807 1697 per
1865 1616 1998 1677 vim
2059 1613 2337 1697 aliquam
2399 1616 2676 1679 cohibiti.

165 1718 398 1779 Postea
442 1716 494 1776 si
542 1716 710 1776 vires
771 1727 1138 1776 constanter
1191 1715 1535 1796 impressae,
1585 1717 1817 1797 quibus
1869 1714 2043 1798 globi
2100 1716 2162 1776 in
2217 1716 2497 1778 motibus
2549 1717 2681 1779 suis

160 1830 591 1899 perseverant,
649 1828 987 1886 cessarent,
1039 1814 1100 1875 ἃ
1146 1815 1362 1876 omnia
1409 1813 1660 1898 legibus
1708 1816 2091 1877 mechanicis
2145 1817 2679 1897 permitterentur,

158 1916 599 1999 languesceret
640 1913 946 1996 paulatim
993 1927 1204 1976 motus
1249 1913 1588 1996 globorum
1628 1915 1735 1998 (ob
1767 1916 2079 1978 rationem
2113 1917 2175 1978 in
2222 1915 2408 1979 corol.
2446 1938 2480 1997 3
2532 1917 2594 1980 &
2638 1939 2681 1998 4

159 2014 574 2099 assignatam)
613 2014 674 2076 &
707 2016 981 2078 vortices
1015 2016 1276 2077 tandem
1309 2017 1849 2098 conquiescerent.

287 2118 489 2179 Corol.
529 2121 582 2179 6.
635 2116 706 2177 Si
737 2114 911 2198 globi
945 2114 1157 2196 plures
1191 2116 1357 2177 datis
1384 2117 1447 2177 in
1480 2115 1633 2179 locis
1666 2119 1899 2180 circum
1946 2141 2100 2181 axes
2146 2120 2462 2201 positione
2499 2119 2685 2183 datos

159 2218 344 2280 certis
406 2239 549 2293 cum
625 2215 1068 2279 velocitatibus
1130 2231 1498 2280 constanter
1557 2218 2056 2296 revolverentur,
2119 2220 2346 2283 fierent
2407 2222 2681 2284 vortices

160 2319 428 2381 totidem
477 2319 539 2379 in
589 2318 902 2379 infinitum
959 2331 1319 2400 pergentes,
1421 2319 1594 2380 Nam
1639 2318 1814 2403 globi
1865 2320 2096 2405 singuli
2144 2322 2372 2384 eadem
2419 2323 2679 2398 ratione,

159 2442 286 2501 qua
334 2442 497 2480 unus
559 2419 786 2500 aliquis
836 2433 1081 2481 motum
1129 2441 1315 2480 suum
1363 2434 1679 2503 propagat
1733 2422 1795 2482 in
1851 2421 2182 2495 infinitum,
2230 2423 2682 2507 propagabunt

158 2521 350 2581 etiam
405 2534 616 2582 motus
671 2542 820 2582 suos
873 2520 934 2580 in
983 2519 1316 2594 infinitum,
1356 2521 1521 2583 adeo
1568 2535 1639 2583 ut
1684 2522 1859 2583 fluidi
1908 2522 2134 2584 infiniti
2181 2546 2328 2605 pars
2376 2546 2679 2607 unaquae-

161 2642 286 2701 que
318 2642 395 2682 eo
449 2621 725 2703 agitetur
762 2634 938 2682 motu
995 2621 1102 2702 qui
1145 2644 1226 2683 ex
1272 2623 1558 2684 omnium
1603 2622 1941 2706 globorum
1990 2625 2344 2687 actionibus
2399 2625 2676 2692 resultat.

166 2719 364 2781 Unde
424 2722 698 2782 vortices
762 2742 888 2782 non
950 2720 1336 2783 definientur
1395 2723 1583 2784 certis
1648 2721 1969 2797 limitibus,
2025 2724 2140 2786 sed
2204 2725 2267 2786 in
2327 2748 2397 2788 se
2458 2741 2681 2791 mutuo

160 2819 463 2901 paulatim
526 2836 900 2896 excurrent;
971 2822 1276 2905 globique
1330 2845 1446 2904 per
1497 2824 1782 2885 actiones
1842 2824 2155 2886 vorticum
2218 2826 2280 2887 in
2334 2849 2406 2889 se
2458 2842 2681 2892 mutuo

158 2934 469 3000 perpetuo
502 2923 931 2983 movebuntur
961 2923 1043 2984 de
1075 2922 1229 2984 locis
1261 2924 1408 2996 suis,
1444 2924 1534 2984 uti
1584 2924 1646 2984 in
1694 2923 2025 2988 corollario
2070 2927 2397 3007 superiore
2428 2930 2679 3011 exposi-

158 3032 293 3080 tum
325 3034 456 3094 est;
523 3044 732 3102 neque
786 3036 1022 3083 certam
1071 3023 1366 3104 quamvis
1419 3023 1583 3085 inter
1612 3046 1682 3086 se
1727 3025 2114 3105 positionem
2161 3027 2524 3103 servabunt,
2560 3030 2681 3092 nisi

156 3142 273 3200 per
325 3121 456 3182 vim
507 3120 785 3203 aliquam
840 3123 1083 3184 retenti.
1206 3124 1626 3186 Cessantibus
1676 3138 1892 3187 autem
1946 3126 2187 3187 viribus
2242 3125 2361 3188 illis
2415 3150 2562 3210 quae
2615 3129 2679 3191 in

153 3219 382 3303 globos
444 3235 810 3283 constanter
876 3223 1202 3304 impressae
1265 3238 1651 3287 conservant
1725 3225 1918 3287 hosce
1979 3239 2207 3300 motuS,
2270 3228 2536 3289 materia
2595 3229 2680 3291 ob

156 3323 469 3385 rationem
503 3325 566 3384 in
600 3323 928 3386 corollario
961 3327 1149 3387 tertio
1182 3326 1243 3388 &
1275 3341 1503 3408 quarto
1541 3328 1951 3411 assignatam,
1987 3327 2291 3410 paulatim
2324 3331 2681 3412 requiescet

166 3423 229 3486 &
261 3424 323 3485 in
355 3425 630 3486 vortices
661 3425 765 3507 agi
798 3425 1064 3486 desinet.

278 3525 480 3588 Corol.
523 3542 571 3603 7.
622 3525 693 3586 Si
726 3525 991 3586 fluidum
1038 3525 1314 3588 similare
1361 3526 1695 3590 claudatur
1725 3529 1787 3590 in
1837 3551 1993 3591 vase
2032 3529 2347 3611 sphaerico
2392 3552 2467 3593 ac
2501 3529 2677 3615 globi

154 3625 217 3686 in
263 3638 484 3687 centro
530 3625 936 3686 consistentis
982 3625 1279 3687 uniformi
1327 3629 1642 3691 rotatione
1688 3643 1917 3712 agatur
1969 3630 2031 3690 in
2082 3630 2408 3704 vorticem,
2445 3630 2678 3715 globus
2847 3642 2852 3724 j

147 3738 362 3787 autem
426 3725 488 3787 &
539 3747 655 3786 vas
711 3725 774 3785 in
828 3725 1101 3787 eandem
1157 3740 1405 3808 partem
1457 3730 1621 3791 circa
1672 3752 1861 3792 axem
1908 3731 2185 3794 eundem
2247 3731 2675 3809 revolvantur,
2850 3737 2852 3812 ]

145 3827 400 3908 sintque
461 3848 682 3888 eorum
744 3838 1035 3906 tempora
1093 3828 1418 3907 periodica
1491 3843 1564 3890 ut
1637 3831 1950 3912 quadrata
2009 3833 2674 3899 semidiametrorum:
2849 3821 2852 3916 i

146 3939 361 4006 partes
394 3925 570 3987 fluidi
619 3947 745 3988 non
792 3926 966 4007 prius
1013 3928 1522 4007 perseverabunt
1568 3930 1630 3991 in
1679 3932 1957 3994 motibus
2004 3933 2136 3995 suis
2181 3933 2320 3997 sine
2365 3934 2671 3998 accelera·
2849 3917 2852 4035 1

2848 3599 2852 3640 -
2845 3493 2852 3546 ‚r—s
2845 3459 2852 3470 .-
2843 3290 2852 3445 ,πη-π
2842 3247 2852 3286 -ι
