2846 4224
189 106 270 182 96
1011 103 1128 154 DE
1162 103 1237 153 M
1236 103 1343 155 OT
1342 103 1399 154 U
1443 103 1490 154 C
1493 101 1749 153 ORPOR
1762 102 1885 152 UM

189 286 325 336 tum
371 283 699 335 contactus
744 270 919 334 abire
966 271 1028 333 in
1076 263 1408 343 infinitum,
1473 268 1535 331 &
1581 281 1852 352 tangens
1898 281 2186 331 vertetur
2230 269 2294 331 in
2342 268 2695 355 Asympto-
2796 295 2798 299 ’

186 386 315 447 ton,
371 386 564 455 atque
610 373 1110 436 constructiones
1162 370 1630 455 problematum
1690 369 2189 451 praecedentium
2242 383 2575 434 vertentur
2633 372 2698 435 in
2796 405 2797 408 ¹

186 474 688 537 constructiones
719 474 827 536 ubi
860 473 1287 555 Asymptotos
1319 472 1520 533 datur.
2424 477 2427 479 ’

306 575 653 656 Postquam
700 575 1056 657 trajectoria
1100 573 1419 654 descripta
1449 583 1561 643 est,
1596 569 1881 632 invenire
1912 568 2058 633 licet
2087 593 2242 634 axes
2274 571 2337 634 81
2367 571 2703 637 umbilicos·

185 676 322 759 ejus
366 675 486 744 hac
525 674 845 737 methodo.
946 675 1020 735 In
1063 673 1528 736 constructione
1583 670 1645 732 &
1691 670 1895 753 figura
1937 669 2254 734 lemmatis
2308 692 2440 737 xx1.
2483 672 2583 736 fac
2628 686 2700 737 ut

184 773 562 859 angulorum
608 773 935 836 mobilium
979 776 1046 835 P
1061 773 1240 847 BN,
1280 773 1429 835 PC
1444 771 1540 844 N,
1590 793 1769 832 crura
1812 768 1979 845 BP,
2035 772 2093 833 C
2107 773 2186 846 P,
2232 794 2503 855 quorum
2549 795 2696 838 con-

185 898 368 938 cursu
423 876 778 958 trajectoria
829 875 1318 948 describebatur,
1374 874 1501 935 sint
1552 873 1671 934 sibi
1727 872 1998 935 invicem
2052 871 2367 955 parallela,
2423 896 2700 958 eumque
2744 859 2752 874 s

97 1008 104 1013 ·
184 975 503 1038 servantia
533 975 723 1036 situm
749 974 1159 1038 revolvantur
1188 976 1351 1037 circa
1381 972 1562 1056 polos
1594 995 1744 1035 suos
1774 974 1854 1046 B,
1896 974 1954 1035 C
1978 973 2040 1034 in
2066 973 2277 1058 figura
2308 972 2428 1038 illa.
2527 975 2696 1038 Inte-

184 1101 291 1140 rea
334 1098 489 1139 vero
534 1075 896 1140 describant
939 1074 1137 1139 altera
1181 1074 1557 1160 angulorum
1604 1073 1850 1137 illorum
1897 1097 2078 1136 crura
2129 1075 2295 1150 CN,
2337 1077 2518 1151 BN,
2551 1099 2698 1141 con-

185 1199 370 1240 cursu
411 1197 529 1239 suo
567 1177 651 1238 K
679 1175 783 1239 vel
828 1178 885 1251 k,
920 1175 1220 1240 circulum
1264 1177 1332 1238 B
1345 1176 1498 1238 GK
1505 1176 1577 1238 C.
1673 1175 1775 1237 Sit
1819 1174 2031 1238 circuli
2072 1175 2260 1261 hujus
2300 1191 2587 1241 centrum
2624 1179 2695 1245 O.

185 2572 294 2634 Ab
348 2572 469 2635 hoc
518 2585 736 2635 centro
788 2571 870 2633 ad
926 2570 1210 2655 regulam
1256 2571 1456 2644 MN,
1511 2570 1593 2633 ad
1641 2591 1834 2653 quam
1888 2569 2086 2632 altera
2132 2569 2237 2632 illa
2281 2590 2463 2633 crura
2520 2570 2690 2643 CN,
2782 2652 2786 2653 γ

181 2674 348 2735 BN
401 2673 642 2735 interea
708 2673 1182 2746 concurrebant,
1244 2672 1400 2733 dum
1460 2671 1818 2755 trajectoria
1875 2670 2367 2743 describebatur,
2430 2671 2697 2734 demitte
2767 2662 2790 2755 J

185 2771 532 2836 normalem
590 2774 755 2835 OH
791 2771 1022 2835 circulo
1067 2785 1504 2835 occurrentem
1551 2772 1614 2833 in
1661 2771 1744 2833 K
1781 2771 1843 2833 81
1894 2771 1975 2835 L.
2072 2770 2162 2833 Et
2206 2771 2314 2833 ubi
2361 2793 2543 2836 crura
2595 2770 2705 2835 illa
2814 2831 2821 2843 ,

182 2871 383 2936 altera
418 2874 577 2947 CK,
599 2875 666 2934 B
687 2874 770 2935 K
793 2885 1175 2936 concurrunt
1204 2872 1286 2934 ad
1310 2885 1626 2954 vpunctum
1670 2869 1822 2933 illud
1852 2872 1936 2934 K
1959 2872 2134 2955 quod
2166 2870 2404 2958 regulae
2434 2873 2699 2957 propius
2814 2948 2821 2970 R

184 2987 297 3047 est,
346 2995 527 3036 crura
571 2974 776 3055 prima
826 2975 884 3036 C
895 2975 974 3048 P,
1020 2975 1175 3036 ΒΡ
1214 2970 1514 3055 parallela
1554 2986 1740 3035 erunt
1777 2974 1880 3059 axi
1914 2974 2152 3058 majori,
2188 2975 2250 3038 &
2281 2976 2706 3058 perpendicu-⁴
2814 2980 2821 3054 ζ

183 3071 340 3135 laria
391 3074 649 3147 minori;
706 3073 768 3135 &
820 3074 1202 3137 contrarium
1256 3073 1525 3146 eveniet,
1581 3073 1634 3135 si
1681 3095 1862 3136 crura
1905 3075 2133 3138 eadem
2186 3090 2567 3140 concurrunt
2617 3075 2700 3139 ad
2815 3064 2819 3075 ⁵

183 3187 490 3256 punctum
537 3175 840 3236 remotius
881 3176 963 3238 L.
1063 3175 1261 3237 Unde
1307 3175 1359 3235 si
1406 3174 1595 3252 detur
1634 3175 2010 3258 trajectoriae
2042 3190 2345 3252 centrum,
2379 3175 2703 3242 dabuntur
2815 3215 2821 3225 ·

183 3296 353 3338 axes,
454 3273 655 3337 Hisce
686 3287 899 3337 autem
931 3274 1112 3349 datis,
1146 3273 1422 3337 umbilici
1454 3288 1613 3337 sunt
1634 3276 1695 3337 in
1728 3290 2044 3359 promptu.

224 3389 231 3395 '
301 3375 546 3438 Axium
592 3398 747 3438 vero
793 3376 1105 3459 quadrata
1148 3387 1300 3437 sunt
1343 3375 1425 3438 ad
1473 3376 1746 3439 invicem
1787 3390 1859 3439 ut
1886 3378 1971 3439 K
1992 3379 2082 3440 H
2116 3378 2200 3443 ad
2237 3380 2414 3454 LH,
2450 3380 2512 3443 &
2549 3378 2700 3444 inde

182 3474 365 3538 facile
403 3489 502 3538 est
538 3476 961 3559 trajectoriam
998 3476 1211 3559 specie
1249 3475 1466 3538 datam
1513 3498 1629 3558 per
1672 3477 1824 3539 data
1867 3493 2141 3560 quatuor
2185 3488 2421 3563 puncta
2463 3480 2705 3545 descri-'

182 3577 351 3640 bere.
450 3577 624 3639 Nam
671 3577 722 3638 si
769 3577 899 3640 duo
944 3599 1026 3640 ex
1071 3577 1322 3659 punctis
1367 3572 1534 3639 datis
1566 3578 2031 3642 constituantur
2059 3580 2188 3663 poli
2226 3582 2294 3656 C,
2325 3584 2408 3657 B,
2442 3584 2744 3646 tertium·

182 3678 362 3740 dabit
404 3676 673 3762 angulos
719 3675 1002 3752 mobileS,
1049 3678 1187 3740 PC
1187 3678 1276 3751 K,
1309 3678 1570 3752 PBK,·
1612 3677 1711 3740 his
1742 3692 1955 3743 autem
1987 3682 2153 3746 datis
2183 3683 2455 3748 describi
2486 3697 2708 3768 potest:

182 3777 450 3842 circulus
508 3779 576 3841 B
600 3778 661 3841 G
681 3779 765 3841 K
779 3780 845 3842 C.
979 3778 1152 3841 Tum
1220 3777 1305 3841 ob
1371 3777 1588 3839 datam
1655 3780 1868 3861 specie
1942 3784 2382 3867 trajectoriam,
2444 3785 2707 3866 dabitur

185 3879 345 3943 ratio
386 3879 549 3942 OH
584 3878 666 3940 ad
718 3878 873 3952 OK,
909 3877 1182 3960 ideoque
1228 3877 1366 3959 ipsa
1414 3878 1589 3942 OH.
1686 3879 1928 3945 Centro
1970 3884 2029 3945 Ο
2074 3884 2136 3946 &
2174 3883 2508 3949 intervallo
2541 3883 2707 3951 'OH
