2846 4224
190 144 272 203 30
1019 120 1134 170 DE
1169 119 1403 171 MOTU
1441 115 1883 170 CORPORUM

270 291 363 353 ad
396 292 673 375 singula,
704 290 837 353 sint
869 289 1116 363 eaedem‚·
1143 288 1276 350 dico
1303 285 1474 370 quod
1476 284 1727 369 figurae
1753 282 1898 345 duae
1927 279 1990 343 A
2011 302 2051 342 a
2070 302 2103 343 c
2128 278 2205 353 E,
2244 279 2292 340 P
2314 300 2357 380 p
2379 300 2409 342 r
2434 278 2511 352 T,
2543 286 2698 341 sunt

270 406 363 468 ad
386 407 646 469 invicem
675 407 746 469 in
776 405 980 469 eadem
1010 405 1130 468 z'lla
1160 402 1416 465 ratione.

304 1688 566 1751 Etenim
611 1699 682 1749 ut
726 1698 875 1748 sunt
920 1682 1511 1768 parallelogramma
1555 1679 1806 1766 singula
1850 1680 1932 1742 ad
1979 1680 2244 1766 singula,
2279 1683 2367 1745 ita
2416 1681 2696 1768 <compo-

186 1790 422 1875 nendo)
480 1790 552 1852 fit
602 1809 853 1850 summa
905 1786 1189 1848 omnium
1242 1785 1324 1846 ad
1377 1805 1694 1845 summam
1748 1784 2050 1858 omnium,
2109 1784 2171 1847 &
2232 1785 2321 1847 ita
2366 1785 2571 1870 figura
2615 1785 2698 1847 ad

185 1893 489 1977 figuram;
523 1891 836 1954 existente
868 1888 1163 1949 nimirum
1188 1886 1391 1970 figura
1414 1886 1622 1968 priore
1658 1883 1798 1968 (per
1820 1883 2055 1947 lemma
2088 1908 2108 1947 1
2131 1908 2152 1947 1
2175 1886 2230 1970 1)
2266 1886 2349 1948 ad
2381 1908 2698 1948 summam

185 1995 475 2077 priorem,
539 1992 602 2055 &
661 1991 865 2074 figura
922 1988 1273 2071 posteriore
1333 1987 1415 2048 ad
1476 2008 1792 2048 summam
1862 1988 2283 2068 posteriorem
2338 1988 2400 2050 in
2455 1988 2699 2051 ratione

185 2094 580 2178 aequalitatis,
681 2093 754 2170 Q.
789 2092 872 2154 E.
908 2091 995 2152 D.
1080 2105 1081 2108 ’
2534 2156 2538 2158 ,

304 2198 505 2260 Corol.
562 2195 737 2258 I-Iinc
788 2193 841 2255 si
890 2193 1036 2254 duae
1089 2191 1519 2273 cujuscunque
1569 2189 1824 2272 generis
1877 2189 2266 2271 quantitates
2313 2189 2375 2251 in
2422 2189 2699 2252 eundem

184 2298 457 2380 partium
490 2316 823 2358 numerum
869 2306 1192 2374 utcunque
1238 2290 1640 2365 dividantur;
1698 2290 1760 2351 ἃ
1800 2304 2014 2372 partes
2055 2290 2193 2366 illae,
2241 2292 2349 2353 ubi
2397 2313 2699 2354 numerus

184 2420 401 2461 earum
453 2410 724 2481 augetur
776 2395 838 2457 &
890 2392 1265 2477 magnitudo
1318 2392 1690 2453 diminuitur
1742 2392 1805 2454 in
1868 2392 2200 2479 infinitum,
2255 2393 2475 2455 datam
2534 2393 2696 2455 obti-

184 2514 378 2562 neant
408 2500 717 2562 rationem
748 2497 830 2559 ad
864 2496 1152 2568 invicem,
1186 2494 1391 2577 prima
1435 2494 1517 2555 ad
1564 2494 1850 2575 primam,
1884 2494 2167 2556 secunda
2211 2494 2294 2556 ad
2331 2494 2696 2568 secundam,

185 2615 562 2684 caeteraeque
607 2623 724 2663 suo
769 2599 993 2662 ordine
1037 2597 1120 2659 ad
1167 2610 1472 2660 caeteras:
1520 2610 1707 2659 erunt
1751 2610 1886 2659 tota
1930 2597 2013 2658 ad
2062 2597 2335 2662 invicem
2375 2597 2437 2659 in
2469 2597 2698 2659 eadem

186 2701 290 2764 illa
348 2703 500 2764 data
559 2702 817 2764 ratione.
951 2699 1125 2760 Nam
1186 2699 1239 2760 si
1300 2699 1364 2760 in
1424 2696 1741 2760 lemmatis
1812 2697 2000 2780 hujus
2072 2697 2291 2781 figuris
2366 2710 2700 2761 sumantur

185 2800 775 2886 parallelogramma
820 2801 983 2862 inter
1026 2822 1097 2862 se
1149 2812 1221 2860 ut
1272 2811 1502 2881 parteS,
1557 2820 1825 2860 summae
1879 2798 2154 2880 partium
2206 2821 2462 2882 semper
2513 2812 2699 2863 erunt

186 2916 257 2965 ut
286 2925 552 2965 summae
584 2900 1317 2985 parallelogrammorum
1344 2924 1356 2974 ;
1404 2912 1598 2981 atque
1630 2899 1791 2973 ideo,
1825 2899 1933 2961 ubi
1965 2899 2239 2981 partium
2273 2899 2335 2962 &
2367 2898 2694 2982 parallelo-

185 3025 617 3086 grammorum
664 3024 963 3064 numerus
1009 3013 1279 3085 augetur
1325 3000 1387 3062 &
1432 3001 1807 3084 magnitudo
1853 3002 2225 3064 diminuitur
2266 3003 2328 3083 in
2362 3002 2694 3075 infinitum,

187 3104 250 3166 in
295 3102 517 3166 ultima
561 3104 804 3166 ratione
850 3099 1420 3185 parallelogrammi
1467 3101 1548 3163 ad
1595 3100 2275 3187 parallelogrammum,
2309 3103 2373 3165 id
2419 3116 2519 3166 est
2558 3101 2699 3186 (per

187 3203 596 3289 hypothesin)
633 3205 695 3266 in
726 3202 948 3266 ultima
978 3203 1221 3266 ratione
1252 3202 1449 3284 partis
1478 3202 1562 3264 ad
1593 3215 1856 3284 partem.

1130 3495 1573 3558 LEMMA
1667 3497 1752 3559 V.

186 3681 245 3743 S
241 3680 519 3742 z‘mz‘lz'um
551 3681 938 3764 figurarum
990 3683 1194 3743 latera
1236 3681 1465 3758 omnia,
1511 3703 1652 3763 quae
1697 3682 1822 3744 sibi
1860 3691 2080 3746 mutuo
2123 3684 2503 3767 respondent,
2544 3692 2698 3748 sunt

255 3798 786 3879 proportionalia,
838 3805 971 3859 tam
1028 3798 1378 3859 curvz'lz'nea
1420 3819 1611 3880 quam
1663 3798 1981 3860 rectilinea
2003 3826 2030 3872 ,·
2085 3800 2168 3866 &³
2218 3821 2382 3863 areae
2426 3807 2582 3862 sunt
2621 3800 2691 3861 in

269 3912 591 3994 duplicata
629 3914 873 3975 ratione
899 3914 1184 3977 laterum.

2733 0 2846 353 l

2825 387 2846 431 ,ι

2831 434 2846 484 ⁴.

2833 490 2846 548 ¹.
