2852 4250
56 1638 67 1645 .
177 1600 444 1660 corpora
497 1591 632 1641 tota
677 1593 862 1642 erunt
907 1593 978 1642 ut

179 168 296 208 212
990 151 1108 200 DE
1141 151 1381 202 MOTU
1412 149 1719 208 CORPOR
1731 150 1856 201 ΠΜ

290 316 495 380 Corol.
541 339 588 380 1.
644 317 823 402 Ergo
853 317 905 380 si
938 318 1106 381 vires
1137 317 1490 380 attractivae
1521 315 1986 399 particularum,
2019 315 2319 400 augendo
2347 315 2682 380 distantias

171 415 687 499 corpusculorum
740 431 1167 492 attractorum,
1215 418 1586 481 decrescant
1632 418 1695 479 in
1742 417 1986 479 ratione
2029 416 2360 500 dignitatis
2405 417 2684 502 cujusvis

170 517 649 593 distantiarum;
726 519 1133 581 attractiones
1193 516 1663 579 acceleratrices
1726 510 2117 598 incorpora
2174 530 2310 580 tota
2369 530 2556 580 erunt
2612 530 2686 582 ut

171 641 438 701 corpora
483 620 736 693 directe,
773 620 835 682 ἃ
880 620 1321 682 distantiarum
1368 619 1712 702 dignitates
1758 617 1881 680 illae
1928 618 2193 683 inverse.
2290 619 2389 681 Ut
2418 618 2471 681 si
2516 618 2720 688 vires·

171 718 618 801 particularum
689 721 1061 783 decrescant
1120 722 1183 782 in
1245 721 1488 783 ratione
1563 718 1910 801 duplicata·
1948 719 2392 781 distantiarum
2451 741 2492 781 a
2550 741 2683 783 cor-

171 819 450 902 pusculis
498 822 795 894 attractiS‚
851 843 1117 902 corpora
1167 834 1382 882 autem
1434 821 1563 882 sint
1606 833 1678 881 ut
1721 819 1791 880 A
1826 821 1952 883 cub.
1998 819 2061 882 &
2110 820 2179 881 B
2227 820 2354 883 cub.
2413 819 2687 902 ideoque

171 933 307 982 tum
339 944 673 1002 corporum
706 920 904 1003 latera
935 921 1171 1001 cubica,
1205 934 1341 981 tum
1373 917 1887 1001 corpusculorum
1925 932 2336 982 attractorum
2367 918 2687 984 distantiae

172 1043 212 1082 a
271 1022 654 1102 corporibuS,
717 1035 788 1083 ut
844 1023 915 1083 A
983 1022 1045 1084 &
1103 1022 1172 1082 B
1190 1048 1209 1084 .·
1284 1021 1692 1090 attractiones
1762 1019 2230 1103 acceleratrices
2301 1021 2364 1083 in
2424 1035 2690 1102 corpora

555 1123 625 1182 A
662 1123 788 1184 cub.
859 1171 920 1233 ἃ
979 1124 1047 1183 Β
1077 1123 1201 1184 cub.

527 1229 597 1288 A
633 1228 818 1309 quad.
948 1228 1015 1288 B
1043 1221 1261 1308 quad'

171 1329 242 1389 A
311 1327 373 1390 ἃ
431 1329 510 1392 Β.
632 1328 704 1389 Si
764 1328 933 1389 vires
994 1326 1441 1409 particularum
1502 1329 1875 1391 decrescant
1933 1329 1998 1392 in
2073 1330 2318 1392 ratione
2376 1327 2690 1412 triplicata

174 1429 616 1491 distantiarum
676 1451 715 1492 a
774 1427 1160 1510 corpusculis
1231 1429 1514 1491 attractis
1538 1455 1549 1504 ;
1626 1431 2035 1494 attractiones
2095 1429 2564 1493 acceleratrices
2625 1430 2688 1495 in
2763 1495 2765 1497 ,

1020 1531 1090 1591 Α
1127 1530 1253 1593 cub.
1306 1579 1368 1642 ἃ
1412 1531 1479 1591 Β
1507 1531 1633 1593 cub.

1020 1637 1090 1697 A
1127 1636 1253 1698 cub.
1411 1637 1479 1697 B
1507 1638 1634 1700 cub.
1659 1632 1674 1659 '

174 1735 545 1798 decrescant
577 1736 638 1797 in
673 1736 915 1799 ratione
947 1734 1428 1819 quadruplicata
1451 1759 1467 1811 3
1515 1739 1925 1802 attractiones
1974 1740 2036 1802 in
2083 1764 2349 1825 corpora
2394 1755 2580 1808 erunt
2624 1755 2696 1812 ut
2749 1749 2753 1751 ’

176 1838 247 1898 Α
281 1838 407 1899 cub'
446 1886 508 1949 ἃ
537 1839 604 1898 B
633 1840 758 1900 cub'
784 1939 800 1966 ,
837 1889 900 1950 id
947 1903 1059 1963 est,
1095 1889 1413 1970 reciproce
1459 1902 1530 1952 ut
1573 1889 1773 1970 latera
1817 1893 2037 1956 cubica
2076 1894 2146 1956 A
2186 1893 2247 1957 &
2276 1896 2357 1958 B.
2484 1896 2576 1959 Et
2605 1896 2696 1963 sic

180 1941 263 2053 ‘A
287 1964 385 2022 qq.
470 2043 482 2055 .
553 1944 738 2026 qu.

178 2062 239 2103 m
274 2055 534 2105 caetens,

299 2143 501 2205 Corol.
543 2165 594 2206 2.
654 2144 851 2208 Unde
882 2147 1179 2221 vicissim,
1214 2169 1295 2210 ex
1327 2149 1584 2223 viribuS,
1619 2151 1850 2232 quibus
1882 2173 2148 2233 corpora
2178 2150 2407 2214 similia
2437 2152 2710 2219 trahunt.

179 2242 552 2324 corpuscula
611 2245 693 2306 ad
755 2269 825 2308 se
885 2247 1173 2310 similiter
1233 2250 1460 2330 posita,
1526 2250 1734 2335 colligi
1796 2266 2010 2334 potest
2084 2254 2245 2317 ratio
2305 2254 2694 2322 decrementi

177 2343 406 2405 virium
459 2344 908 2426 particularum
962 2350 1440 2412 attractivarum
1497 2352 1558 2414 in
1606 2375 1859 2416 recessu
1908 2354 2261 2437 corpusculi
2308 2357 2596 2434 attracti;
2643 2357 2697 2422 si

179 2446 373 2509 modo
433 2446 911 2511 decrementum
966 2449 1118 2512 illud
1165 2452 1248 2515 sit
1306 2453 1546 2516 directe
1599 2453 1703 2517 vel
1758 2455 2010 2521 inverse
2071 2457 2135 2519 in
2196 2457 2441 2522 ratione
2485 2457 2698 2546 aliqua

179 2546 637 2613 distantiarum.

174 1185 360 1234 erunt
405 1185 475 1233 ut
1314 1172 1378 1233 id
1425 1150 1551 1246 est,*
1579 1185 1650 1235 ut
1695 1194 2030 1255 corporum
2074 1170 2276 1235 latera
2319 1169 2426 1234 illa
2469 1172 2690 1238 cubica

1725 1583 1789 1645 id
1839 1596 1954 1660 est,
2010 1583 2305 1667 aequales,
2396 1585 2470 1648 Si
2521 1584 2692 1649 vires

207 2822 939 2940 ’‘PROPOSITIO
1021 2842 1567 2911 LXXXVIII.
1665 2808 2599 2918 THEOREMA'XLV.

187 3001 272 3062 Si
293 3004 779 3090 particularum
809 3011 1149 3091 oequalium
1192 3015 1470 3096 corporis
1512 3017 1930 3100 cujuscunque
1970 3021 2134 3084 vires
2176 3022 2529 3085 attractivae
2569 3022 2704 3087 sint

273 3126 349 3180 ut
374 3120 695 3184 distantiae
722 3125 996 3188 locorum
1025 3150 1066 3188 a
1080 3131 1431 3210 particulis
1450 3159 1470 3195 .·
1514 3134 1610 3195 vis
1637 3135 1914 3216 corporis
1943 3135 2135 3198 totius
2163 3137 2367 3199 tendet
2391 3137 2485 3198 ad
2505 3137 2704 3219 ipsius

272 3243 555 3296 centrum
574 3241 927 3319 gravitati&
942 3267 968 3313 ,·
1016 3244 1100 3308 ὅς’
1127 3245 1331 3307 eadem
1360 3247 1485 3308 erit
1511 3271 1651 3310 cum
1692 3250 1762 3311 vi
1773 3250 1955 3331 globi
1978 3273 2053 3312 ex
2091 3252 2362 3313 materia
2396 3252 2713 3317 consimili

276 3351 361 3416 ὥ*
388 3352 624 3434 aequali
647 3358 1001 3435 constantie,
1040 3360 1123 3425 69³
1139 3348 1434 3424 *centrum
1464 3349 1746 3427 habentis
1775 3366 1844 3427 in
1874 3366 2007 3449 ejus
2035 3374 2242 3429 centro
2259 3368 2628 3450 gravitatis.
2674 3440 2682 3444 ,

303 3518 606 3601 Corporis
651 3525 720 3585 R
741 3526 799 3586 S
824 3527 890 3587 T
918 3528 984 3588 V
1004 3528 1328 3609 particulae
1359 3532 1451 3606 A,
1483 3534 1551 3594 B
1581 3534 1836 3598 trahant
1866 3535 2309 3619 corpusculum
2353 3537 2614 3621 aliquod
2643 3539 2710 3601 Z

186 3618 445 3694 viribuS‚
494 3644 655 3704 quae,
689 3625 742 3686 si
787 3628 1112 3708 particulae
1159 3647 1495 3714 aequantur
1538 3635 1703 3697 inter
1746 3659 1831 3711 se,
1879 3639 2007 3701 sint
2051 3653 2122 3702 ut
2166 3640 2486 3703 distantiae
2530 3640 2601 3701 A
2623 3639 2703 3717 Z,

187 3719 385 3794 BZ,·
446 3722 543 3783 sin
597 3723 922 3805 particulae
975 3742 1335 3793 statuantur
1386 3733 1748 3817 inaequales,
1804 3739 1932 3802 sint
1990 3754 2062 3803 ut
2109 3741 2210 3804 hae
2264 3739 2589 3824 particulae
2643 3740 2706 3802 &

193 3810 473 3901 ipsarum
519 3824 839 3889 distantiae
883 3829 954 3889 A
982 3830 1058 3903 Z,
1105 3833 1263 3895 ΒΖ
1298 3835 1699 3918 conjunctim,
1747 3839 1885 3903 sive
1935 3840 2012 3925 (si
2060 3843 2148 3904 ita
2188 3841 2473 3927 loquar)
2489 3855 2561 3904 ut
2604 3841 2709 3904 hae

192 3910 562 4003 particulae
547 3948 607 3987 1n
634 3926 968 3990 distantias
989 3953 1136 3992 suas
1160 3934 1322 4010 AZ,
1348 3935 1486 3997 BZ
1506 3940 1862 4019 respective
1885 3942 2129 4008 ductae..
2192 3943 2282 4005 Et
2304 3955 2711 4025 exponantur.
