2846 4224
150 152 302 214 xxvi
975 143 1358 206 EDJTORIS
1388 141 1667 193 PRAEFA
1680 141 1762 190 TI
1763 139 1826 192 O.

154 345 233 386 eo
265 321 522 384 nomine
551 329 784 400 praeter
814 326 1105 376 naturam
1151 333 1294 374 esse
1339 308 1760 380 affirmabunt,
1798 305 1974 388 quod
2020 325 2103 367 ex
2146 302 2285 366 aliis
2316 325 2655 387 corporum

155 421 592 485 affectionibus
639 417 832 499 atque
878 415 1042 477 adeo
1088 435 1169 475 ex
1215 410 1420 473 causis
1453 408 1835 471 mechanicis
1867 406 2180 490 originem‘
2227 427 2356 468 non
2402 405 2652 468 habeat.

161 525 414 587 Dantur
465 509 634 583 certe
686 517 1000 600 primariae
1054 533 1390 594 corporum
1444 510 1846 584 affectiones;
1923 530 2085 590 quae,
2149 506 2453 588 quoniam
2512 519 2664 568 sunt

157 623 487 706 primariae,
522 642 649 683 non
681 619 967 701 pendent
997 615 1078 676 ab
1110 612 1262 676 aliis.
1385 610 1685 672 Viderint
1729 610 1921 693 igitur
1949 629 2163 670 annon
2197 607 2259 669 &
2290 607 2392 669 hae
2437 628 2663 670 omnes

156 726 284 786 sint
313 724 549 805 pariter
578 734 812 803 praeter
857 731 1162 788 naturam,
1197 734 1405 794 eoque
1450 712 1688 793 pariter
1731 710 2134 794 rejiciendae:
2182 708 2463 770 viderint
2507 730 2664 771 vero
2738 719 2741 722 ’

158 824 362 907 qualis
395 825 477 885 sit
507 821 741 884 deinde
771 820 982 881 futura
1022 814 1440 897 philosophia.

277 921 585 986 Nonnulli
634 933 784 982 sunt
832 918 1063 1001 quibus
1106 916 1243 977 haec
1292 926 1448 975 tota'
1475 911 1740 994 physica
1791 910 2062 973 caelestis
2110 909 2214 973 vel
2262 910 2408 973 ideo
2454 909 2664 972 minus

157 1024 378 1107 placet,
452 1022 626 1104 quod
686 1042 830 1082 cum
907 1016 1183 1080 Cartesz'z‘
1236 1013 1644 1096 dogmatibus
1706 1034 1993 1095 pugnare
2054 1012 2117 1074 &
2175 1013 2286 1074 vix
2347 1009 2663 1074 conciliari

156 1148 344 1207 posse
374 1124 682 1185 videatur.
783 1120 909 1182 His
941 1141 1056 1180 sua
1086 1117 1299 1179 licebit
1328 1115 1628 1197 opinione
1673 1114 1791 1174 frui
1817 1139 1828 1188 ;
1876 1136 1957 1175 ex
2004 1136 2192 1196 aequo
2223 1126 2437 1176 autem
2469 1125 2668 1196 agant

155 1237 446 1307 oportet:
516 1245 644 1285 non
698 1214 853 1304 ergo
906 1219 1319 1302 denegabunt
1371 1215 1508 1277 aliis
1562 1216 1834 1277 eandem
1888 1215 2247 1278 libertatem
2301 1237 2495 1297 quam
2545 1214 2666 1276 sibi

156 1325 417 1389 concedi
466 1322 805 1405 postulant.
934 1321 1445 1382 NEWTONIANAM
1498 1318 1713 1398 itaque
1758 1316 2250 1399 philosophiam,
2286 1339 2431 1400 quae
2481 1316 2666 1379 nobis

156 1428 366 1489 verior
424 1426 708 1497 habetur,
773 1423 1045 1484 retinere
1108 1420 1170 1481 ἃ
1229 1418 1526 1500 amplecti
1586 1417 1813 1491 licebit,
1878 1419 1940 1480 ἃ
2000 1442 2223 1480 causas
2298 1419 2480 1500 sequi
2553 1440 2669 1500 per

158 1529 580 1610 phaenomena
611 1524 1072 1605 comprobataS,
1108 1521 1320 1601 potius
1354 1541 1544 1600 quam
1579 1519 1756 1579 fictas
1791 1518 1852 1580 &
1884 1520 2167 1581 nondum
2200 1520 2662 1601 comprobatas,

160 1629 272 1690 Ad
343 1649 563 1689 veram
624 1624 1092 1707 philosophiam
1155 1621 1447 1703 pertinet,
1512 1641 1723 1680 rerum
1785 1635 2042 1682 naturas
2103 1643 2184 1683 ex
2245 1622 2452 1683 causis
2512 1643 2667 1684 vere

155 1729 570 1792 existentibus
603 1727 894 1788 derivare
923 1749 934 1786 :
983 1746 1091 1785 eas
1123 1744 1277 1783 vero
1309 1719 1485 1803 leges
1532 1742 1834 1801 quaerere,
1869 1723 2100 1803 quibus
2131 1721 2335 1784 voluit
2379 1744 2667 1783 summus

156 1831 371 1913 opifex
402 1831 569 1891 hunc
602 1829 822 1889 mundi
861 1824 1354 1908 pulcherrimum
1401 1823 1690 1884 ordinem
1738 1822 2053 1897 stabilire;
2103 1845 2230 1884 non
2278 1845 2387 1884 eas
2435 1823 2667 1904 quibus

157 1933 379 2013 potuit,
442 1932 494 1992 si
557 1932 644 1992 ita
703 1931 912 1991 visum
973 1928 1211 1988 fuisset.
1341 1925 1599 1987 Rationi
1676 1925 1846 1986 enim
1908 1945 2260 1986 consonum
2321 1937 2434 1996 est,
2498 1937 2570 1984 ut
2629 1945 2669 1984 a

155 2032 439 2113 pluribus
490 2031 711 2103 causiS,
767 2031 848 2091 ab
903 2029 1176 2090 invicem
1232 2024 1517 2087 nonnihil
1579 2025 1866 2098 diversis,
1925 2025 2094 2087 idem
2149 2025 2352 2106 possit
2404 2024 2669 2087 effectus

155 2132 504 2214 proficisci:
581 2131 718 2192 haec
778 2144 991 2192 autem
1052 2150 1205 2189 vera
1265 2128 1384 2188 erit
1444 2149 1650 2199 causa,
1714 2149 1795 2188 ex
1856 2149 1984 2208 qua
2042 2149 2195 2188 vere
2254 2140 2449 2208 atque
2522 2140 2668 2188 actu

155 2232 600 2314 proficiscitur;
666 2230 925 2311 reliquae
978 2228 1187 2290 locum
1237 2250 1364 2290 non
1420 2228 1659 2290 habent
1708 2228 1771 2288 in
1823 2227 2229 2309 philosophia
2292 2250 2462 2290 vera.
2592 2228 2668 2288 In

154 2333 496 2416 horologiis
556 2332 896 2395 automatis
964 2331 1134 2391 idem
1206 2330 1430 2391 indicis
1504 2330 1735 2392 horarii
1797 2344 2009 2392 motus
2066 2329 2171 2392 vel
2237 2330 2319 2391 ab
2380 2351 2670 2411 appenso

155 2435 437 2517 pondere
469 2432 571 2496 vel
605 2435 686 2494 ab
719 2434 887 2494 intus
920 2430 1218 2493 concluso
1249 2430 1484 2494 elatere
1516 2432 1662 2494 oriri
1695 2444 1924 2513 potest.
2054 2431 2250 2511 Quod
2283 2431 2336 2493 si
2382 2429 2669 2493 oblatum

154 2536 553 2617 horologium
616 2557 839 2596 revera
899 2534 982 2594 sit
1049 2533 1425 2594 instructum
1501 2535 1822 2615 pondere;
1899 2533 2208 2594 ridebitur
2282 2533 2390 2614 qui
2468 2532 2671 2615 finget

155 2635 470 2708 elaterem,
529 2635 590 2696 &
650 2657 732 2696 ex
783 2634 1124 2716 hypothesi
1187 2634 1276 2695 sic
1336 2656 1746 2716 praepropere
1806 2633 2077 2695 conficta
2137 2646 2382 2695 motum
2444 2632 2669 2694 indicis

157 2734 472 2816 explicare
546 2735 888 2815 suscipiet:
981 2734 1263 2814 oportuit
1338 2735 1508 2795 enim
1585 2735 1899 2796 internam
1979 2734 2290 2796 machinae
2364 2734 2668 2795 fabricam

154 2835 429 2916 penitius
478 2835 871 2915 perscrutari,
904 2847 976 2895 ut
1032 2834 1120 2894 ita
1170 2847 1380 2896 motus
1419 2835 1729 2915 propositi
1763 2834 2142 2916 principium
2175 2858 2399 2897 verum
2447 2834 2667 2916 explo-

157 2950 363 2997 ratum
418 2936 654 2997 habere
708 2948 940 3016 posset.
1042 2935 1224 2997 Idem
1278 2935 1389 2997 vel.
1438 2958 1565 2998 non
1612 2924 1901 2998 absimile
1946 2936 2185 2998 feretur
2227 2938 2540 3020 judicium
2586 2937 2670 2999 de

156 3034 550 3116 philosophis
584 3034 719 3111 illis,
755 3037 863 3117 qui
897 3036 1161 3097 materia
1192 3036 1470 3116 quadam
1518 3036 1931 3099 subtilissima
1976 3037 2165 3101 caelos
2197 3061 2340 3101 esse
2372 3038 2666 3121 repletOS,

157 3135 320 3196 hanc
366 3150 580 3197 autem
627 3136 690 3196 in
737 3136 1010 3197 vortices
1045 3136 1485 3198 indesinentur
1529 3138 1632 3220 agi
1665 3138 2016 3202 voluerunt.
2114 3139 2287 3201 Nam
2320 3141 2371 3201 si
2404 3140 2667 3221 phaeno-

156 3236 359 3296 menis
408 3236 510 3296 vel
561 3236 1028 3297 accuratissime
1087 3236 1450 3298 satisfacere
1510 3252 1775 3318 possent
1834 3262 1915 3301 ex
1977 3240 2439 3327 hypothesibps
2500 3242 2667 3317 suis;

155 3358 376 3397 veram
451 3349 664 3397 tamen
740 3336 1209 3417 philosophiam
1278 3338 1631 3412 tradidisse,
1697 3339 1758 3400 &
1818 3362 2003 3401 veras
2078 3363 2302 3402 causas
2378 3355 2668 3404 motuum

158 3436 503 3497 caelestium
535 3437 856 3498 invenisse
889 3438 1173 3499 nondum
1207 3438 1461 3499 dicendi
1493 3452 1666 3514 sunt;
1702 3440 1820 3500 nisi
1842 3439 1944 3502 vel
1970 3441 2085 3501 has
2117 3464 2341 3504 revera
2372 3443 2666 3519 existere,

158 3536 260 3598 vel
307 3535 534 3597 saltem
580 3535 735 3597 alias
783 3559 910 3599 non
958 3539 1232 3600 existere
1263 3540 1859 3603 demonstraverint.
1989 3542 2194 3625 Igitur
2237 3543 2290 3604 si
2337 3525 2668 3605 ostensum

155 3637 361 3713 fuerit,
412 3637 852 3699 universorum
901 3660 1237 3718 corporum
1286 3641 1728 3702 attractionem
1777 3642 2014 3705 habere
2067 3666 2291 3706 verum
2344 3643 2555 3707 locum
2603 3645 2665 3706 in

158 3759 366 3799 rerum
412 3749 671 3810 natura;
720 3725 1068 3818 quinetiam
1108 3753 1437 3802 ostensum
1483 3742 1688 3816 fuerit,
1723 3765 1851 3825 qua
1896 3745 2140 3807 ratione
2185 3758 2397 3807 motus
2442 3767 2669 3808 omnes

155 3836 440 3900 caelestes
471 3837 704 3899 abinde
735 3836 1116 3901 solutionem
1149 3842 1490 3922 recipiant;
1537 3865 1706 3905 vana
1737 3844 1926 3907 fuerit
1958 3845 2020 3907 &
2051 3847 2279 3909 merito
2309 3846 2664 3909 deridenda
