2852 4250
202 141 322 217 298
1027 133 1143 182 DE
1174 132 1413 184 Mors]
1444 131 1750 184 CORPOR
1761 132 1886 184 ΠΜ

377 381 1016 449 PROPOSITIO
1098 379 1442 442 XXVII.
1563 377 2521 489 THEOREMA'XXII.

198 557 282 618 Si
304 554 660 636 corporibus
684 548 1141 632 funependulis
1185 547 1506 609 resistitur
1547 546 1616 607 in
1645 546 1967 628 duplicata
2007 550 2252 613 ratione
2291 553 2698 628 velocitatum,

280 668 644 753 dffrentiae
692 667 862 727 inter
903 670 1178 743 tempora
1221 660 1678 722 oscillationum
1731 661 1802 722 in
1846 662 2041 724 medio
2086 665 2398 728 resistente
2437 689 2510 729 ac
2554 675 2698 730 tem-

267 792 438 866 pora
502 778 952 844 oscillationum
1014 776 1083 837 in
1134 774 1404 856 ejusdem
1443 776 1795 856 gravitatis
1842 778 2131 860 specificae
2186 780 2378 842 medio
2430 802 2555 843 non
2607 803 2698 843 re-
2749 768 2757 770 ‘

281 897 538 973 sistente,
600 900 790 955 eruut
845 889 1113 951 arcubus
1179 888 1517 951 oscillando
1583 889 1903 972 descriptis
1951 892 2457 972 proportionales
2512 915 2703 976 quam

268 1008 571 1090 proxime.

313 1192 486 1253 Nam
531 1187 824 1272 pendulis
869 1186 1220 1270 aequalibus
1268 1188 1329 1250 in
1377 1189 1591 1252 medio
1652 1190 1988 1253 resistente
2033 1191 2474 1255 describantur
2519 1214 2702 1255 arcus

196 1289 540 1373 inaequales
588 1288 670 1363 A,
709 1289 795 1363 B;
845 1287 907 1349 &
952 1287 1310 1350 resistentia
1355 1290 1635 1370 corporis
1683 1290 1745 1351 in
1792 1312 1939 1352 arcu
1989 1291 2071 1365 A,
2105 1293 2225 1354 erit
2268 1292 2351 1354 ad
2406 1293 2699 1355 resisten-

193 1393 346 1454 tiam
378 1390 657 1472 corporis
707 1389 768 1449 in
822 1401 1003 1469 parte
1048 1388 1588 1469 correspondente
1640 1411 1822 1451 arcus
1876 1390 1946 1466 B,
1982 1390 2046 1451 in
2095 1389 2417 1472 duplicata
2458 1392 2702 1454 ratione

194 1490 618 1562 velocitatum,
653 1488 716 1549 id
763 1499 875 1560 est,
908 1500 979 1548 ut
1025 1488 1088 1549 A
1112 1488 1176 1549 A
1224 1489 1306 1550 ad
1357 1489 1408 1549 B
1440 1489 1507 1562 B,
1557 1511 1748 1570 quam
1802 1490 2106 1571 proxime.
2222 1490 2294 1553 Si
2347 1492 2705 1554 resistentia

197 1593 259 1653 in
291 1613 437 1653 arcu
474 1591 525 1651 B
558 1601 728 1651 esset
757 1588 839 1649 ad
886 1588 1309 1649 resistentiam
1342 1589 1404 1649 in
1437 1610 1583 1649 arcu
1633 1588 1697 1649 A
1745 1602 1816 1651 ut
1847 1589 1910 1650 A
1943 1590 1993 1650 Β
2041 1590 2123 1651 ad
2170 1590 2234 1651 A
2264 1590 2365 1665 A;
2412 1605 2703 1672 tempora

195 1692 257 1753 in
304 1691 573 1753 arcubus
628 1689 692 1750 A
742 1688 804 1749 &
860 1688 911 1748 B
957 1688 1167 1750 forent
1219 1687 1506 1769 aequalia,
1562 1710 1678 1769 per
1730 1691 2233 1771 propositionem
2286 1691 2695 1773 superiorem.

199 1791 486 1872 Ideoque
516 1787 876 1851 resistentia
907 1786 1041 1847 AA
1076 1788 1138 1848 in
1171 1809 1318 1849 arcu
1352 1788 1434 1860 A,
1470 1787 1572 1850 vel
1606 1788 1731 1849 AB
1765 1789 1828 1850 in
1858 1812 2005 1851 arcu
2043 1791 2110 1863 B,
2145 1790 2337 1853 efficit
2366 1813 2701 1854 excessum

194 1890 498 1971 temporis
559 1889 622 1949 in
683 1909 829 1948 arcu
893 1886 957 1947 A
1018 1909 1211 1967 supra
1284 1900 1538 1969 tempus
1600 1889 1663 1949 in
1726 1889 1938 1951 medio
2000 1911 2127 1952 non
2188 1891 2562 1964 resistente;
2638 1890 2700 1953 ἃ

193 1989 550 2052 resistentia
584 1988 694 2048 BB
726 1986 919 2048 efficit
949 2008 1281 2048 excessum
1328 1988 1632 2068 temporis
1680 1988 1744 2049 in
1794 2011 1941 2051 arcu
1996 1990 2047 2050 B
2100 2011 2293 2071 supra
2337 2004 2590 2072 tempus
2636 1990 2700 2052 in

192 2091 404 2152 medio
450 2110 577 2151 non
624 2087 972 2149 resistente.
1068 2087 1236 2148 Sunt
1280 2100 1494 2149 autem
1541 2110 1840 2151 excessus
1887 2087 1971 2150 illi
2018 2102 2090 2151 ut
2132 2090 2302 2151 vires
2354 2089 2700 2152 efficientes

194 2190 318 2251 AB
352 2189 414 2250 &
450 2188 560 2249 BB
592 2209 784 2269 quam
815 2186 1120 2267 proxime,
1155 2186 1219 2247 id
1251 2201 1364 2259 est,
1399 2200 1470 2249 ut
1499 2210 1680 2250 arcus
1716 2189 1779 2249 A
1815 2189 1876 2250 &
1913 2189 1978 2252 B.
2074 2189 2150 2266 Q.
2164 2190 2246 2251 E.
2262 2190 2347 2251 D.

310 2288 509 2350 Corol.
557 2309 603 2349 1.
661 2287 836 2348 Hinc
881 2308 962 2347 ex
1008 2284 1470 2348 oscillationum
1517 2288 1929 2369 temporibuS,
1964 2288 2027 2349 in
2081 2288 2294 2351 medio
2346 2289 2696 2363 resistente,

191 2391 253 2451 in
306 2389 574 2450 arcubus
628 2384 1045 2467 inaequalibus
1106 2385 1430 2460 factarum,
1486 2389 1784 2471 cognosci
1845 2401 2115 2470 possunt
2174 2401 2463 2469 tempora
2515 2387 2695 2451 oscil-

187 2489 494 2551 lationum
528 2488 589 2548 in
622 2486 909 2569 ejusdem
939 2486 1272 2569 gravitatis
1304 2488 1617 2568 specificae
1650 2488 1864 2551 medio
1896 2509 2023 2550 non
2057 2488 2408 2550 resistente.
2523 2488 2697 2550 Nam

188 2588 544 2650 differentia
574 2600 932 2667 temporum
965 2586 1083 2648 erit
1113 2586 1196 2646 ad
1243 2609 1576 2649 excessum
1619 2589 1923 2669 temporis
1956 2588 2018 2649 in
2051 2609 2198 2649 arcu
2231 2588 2475 2650 minore
2504 2609 2698 2670 supra

189 2702 441 2769 tempus
503 2688 565 2748 in
619 2686 831 2748 medio
891 2708 1017 2747 non
1081 2686 1430 2761 resistente,
1488 2701 1558 2749 ut
1610 2688 1967 2750 differentia
2026 2710 2285 2750 arcuum
2338 2687 2420 2749 ad
2481 2710 2696 2750 arcum

189 2790 513 2851 minorem.

310 2889 509 2950 Corol.
551 2908 602 2949 2.
657 2885 1100 2948 Oscillationes
1131 2886 1456 2949 breviores
1502 2900 1652 2950 sunt
1696 2889 1899 2971 magis
1946 2888 2313 2962 isochronae,
2348 2887 2410 2950 &
2454 2887 2693 2949 brevis-

187 2987 367 3050 simae
427 2987 652 3048 iisdem
713 2987 1105 3068 temporibus
1165 3000 1557 3070 peraguntur
1607 3010 1681 3049 ac
1742 2989 1803 3050 in
1866 2989 2079 3050 medio
2139 3009 2266 3050 non
2343 2988 2692 3060 resistente,

188 3109 381 3169 quam
441 3087 744 3167 proxime.
865 3087 1106 3147 Earum
1166 3108 1341 3161 vem,
1419 3109 1564 3168 quae
1626 3088 1688 3149 in
1750 3089 2096 3171 majoribus
2170 3088 2441 3149 arcubus
2516 3087 2690 3160 fiunt,

186 3203 478 3268 tempora
517 3199 666 3247 sunt
717 3184 906 3266 paulo
959 3187 1214 3268 majora,
1249 3199 1586 3267 propterea
1631 3188 1805 3269 quod
1859 3187 2218 3250 resistentia
2270 3187 2333 3248 in
2382 3187 2691 3249 descensu

186 3288 466 3369 corporis
519 3308 646 3367 qua
697 3298 949 3365 tempus
998 3285 1366 3365 producitur
1418 3287 1621 3369 major
1670 3288 1754 3349 sit
1797 3309 1915 3368 pro
1971 3287 2217 3348 ratione
2277 3284 2692 3369 longitudinis

187 3389 250 3450 in
282 3388 592 3450 descensu
624 3385 978 3465 descriptae,
1013 3405 1205 3465 quam
1254 3385 1612 3447 resistentia
1661 3387 1723 3447 in
1777 3408 2045 3448 ascensu
2094 3386 2525 3466 subsequente
2565 3406 2694 3466 qua

186 3499 440 3567 tempus
510 3483 915 3546 contrahitur.
1054 3483 1188 3544 Sed
1251 3482 1312 3544 &
1372 3497 1625 3565 tempus
1685 3484 2148 3548 oscillationum
2209 3497 2341 3547 tam
2401 3484 2692 3546 brevium

186 3608 378 3667 quam
427 3583 760 3666 longarum
810 3580 1093 3645 nonnihil
1142 3581 1406 3661 produci
1455 3584 1710 3645 videtur
1756 3607 1872 3666 per
1918 3598 2163 3647 motum
2211 3584 2420 3647 medii.
2517 3584 2691 3644 Nam

185 3684 554 3765 corporibus
586 3682 1088 3743 tardescentibus
1137 3679 1327 3760 paulo
1376 3682 1586 3744 minus
1636 3685 1963 3761 resistitur,
1997 3707 2114 3766 pro
2166 3684 2410 3745 ratione
2457 3681 2688 3745 veloci-

185 3784 353 3860 tatis,
409 3782 471 3845 8ῑ
523 3781 891 3862 corporibus
943 3778 1305 3842 acceleratis
1358 3781 1549 3861 paulo
1609 3785 1812 3867 magis
1873 3807 2067 3866 quam
2129 3785 2203 3846 iis
2257 3806 2402 3866 quae
2455 3783 2685 3846 unifor-

122 3937 127 3941 .
187 3884 372 3946 miter
431 3881 960 3966 progrediuntur:
1032 3879 1224 3961 idque
1285 3879 1434 3960 quia
1494 3881 1792 3959 medium,
1850 3907 1928 3947 eo
1981 3906 2173 3966 quem
2226 3906 2266 3946 a
2317 3883 2686 3964 corporibus

2833 4038 2852 4250 -fi-—man—
2844 3969 2852 4029 .-...
2847 3915 2852 3930 -
