2846 4224
12 2759 20 2768 ,
4 2273 29 2675 ,Ndffw-mffffl,
15 2190 17 2194 λ

1012 95 1388 184 EDJT9RJS
1413 102 1688 155 PRAEFA
1696 109 1780 157 TI
1776 110 1834 159 O.
2536 116 2642 176 xxi

199 255 370 317 lento
396 254 540 316 ferri
585 255 647 315 in
694 258 1180 336 consequentia:
1246 266 1608 343 responderi
1660 284 1883 349 potest,
1938 275 2179 334 etiamsi
2229 278 2638 340 concedamus

198 353 364 415 hunc
393 352 1081 427 motum·tardissimum
1113 357 1340 420 exinde
1369 363 1714 440 profectum
1759 391 1898 430 esse
1942 372 2112 451 quod
2156 374 2253 433 vis
2285 376 2639 454 centripetae

196 451 515 531 proportio
571 450 817 510 aberret
873 449 1258 531 aliquantum
1310 479 1348 517 a
1399 460 1727 540 duplicata,
1789 467 2242 529 aberrationem
2304 468 2468 530 illam
2527 494 2639 551 per

197 561 556 628 computum
597 547 1101 610 mathematicum
1146 552 1408 617 inveniri
1454 580 1639 638 posse
1685 563 1745 624 &
1790 563 1974 643 plane
2018 566 2435 627 insensibilem
2481 567 2632 631 esse.

200 646 348 726 Ipsa
377 646 542 707 enim
573 646 729 706 ratio
758 646 854 707 vis
899 649 1257 729 centripetae
1303 652 1550 730 lunaris,
1584 681 1726 739 quae
1771 663 2047 723 omnium
2093 665 2362 725 maxime
2406 667 2635 728 turbari

193 743 397 815 debet,
418 742 735 824 paululum
765 743 1019 823 quidem
1049 746 1426 827 duplicatam
1457 758 1775 834 superabit
1786 783 1798 831 ς
1830 760 1910 819 ad
1942 760 2101 821 hanc
2131 783 2282 822 vero
2313 765 2637 845 sexaginta

135 849 140 853 ’
191 840 323 903 sere
351 842 588 902 vicibus
632 841 886 920 propius
930 844 1186 905 accedet
1228 868 1416 926 quam
1461 852 1542 911 ad
1595 854 1978 933 triplicatam.
2091 859 2222 919 Sed
2273 861 2478 921 verior
2523 864 2640 923 erit

192 940 529 1019 responsio,
561 939 613 999 si
649 939 926 999 dicamus
963 939 1123 1001 hanc
1165 945 1452 1023 apsidum
1496 954 2015 1032 progressionem,
2050 978 2174 1017 non
2222 979 2301 1017 ex
2345 959 2635 1020 aberrati-

190 1059 312 1099 one
340 1060 379 1098 a
407 1035 719 1117 duplicata
762 1038 1176 1116 proportione,
1210 1042 1323 1102 sed
1373 1066 1452 1104 ex
1496 1046 1615 1108 alia
1659 1071 1910 1128 prorsus
1956 1054 2204 1115 diversa
2247 1077 2432 1116 causa
2472 1058 2630 1135 oriri,

191 1136 718 1215 quemadmodum
763 1136 1015 1217 egregie
1059 1154 1581 1203 commonstratur
1632 1146 1692 1206 in
1745 1147 1860 1209 hac
1907 1150 2313 1232 philosophia.
2411 1156 2634 1216 Restat

189 1255 341 1316 ergo
398 1231 468 1295 ut
521 1235 686 1295 vires
748 1235 1123 1314 centripetae‚
1179 1237 1404 1315 quibus
1455 1239 1723 1319 planetae
1776 1249 2047 1325 primarii
2100 1253 2366 1313 tendunt
2415 1275 2632 1314 versus

187 1330 383 1393 solem
415 1331 476 1393 ἃ
505 1332 850 1393 secundarii
891 1346 1108 1394 'versus
1155 1335 1478 1413 primarios
1523 1362 1684 1414 suoS,
1719 1344 1843 1405 sint
1886 1361 2170 1408 accurate
2217 1362 2286 1409 ut
2332 1351 2634 1430 quadrata

170 1430 619 1492 distantiarum
648 1431 974 1511 reciproce.

302 1529 406 1590 Ex
451 1531 523 1591 iis
569 1552 710 1611 quae
754 1531 1053 1591 hactenus
1098 1532 1264 1594 dicta
1308 1550 1456 1597 sunt
1513 1553 1756 1603 constat
1799 1543 2079 1623 planetas
2125 1547 2186 1607 in
2242 1549 2456 1608 orbitis
2502 1550 2629 1608 suis

185 1627 433 1688 retineri
478 1651 591 1708 per
634 1629 764 1690 vim
808 1627 1080 1709 aliquam
1127 1632 1188 1692 in
1239 1634 1406 1713 ipsos
1454 1652 1759 1717 perpetuo
1810 1658 2143 1724 agentem:
2212 1660 2453 1707 constat
2499 1649 2625 1707 vim

184 1723 350 1786 illam
380 1725 560 1808 dirigi
593 1748 841 1806 semper
868 1749 1087 1788 versus
1118 1731 1455 1793 orbitarum
1488 1749 1700 1797 centra
1728 1761 1739 1798 ε
1786 1755 2030 1802 constat
2074 1743 2256 1825 hujus
2293 1746 2627 1805 efficaciam

182 1825 395 1905 augeri
427 1826 489 1885 in
519 1847 769 1886 accessu
801 1826 880 1886 ad
913 1841 1208 1901 centrum,
1242 1831 1501 1892 diminui
1536 1835 1595 1893 in
1629 1858 1872 1897 recessu
1905 1841 1984 1899 ab
2016 1842 2238 1902 eodem
2268 1866 2279 1903 :
2328 1843 2387 1902 &
2418 1845 2627 1924 augeri

183 1924 437 2003 quidem
469 1925 529 1984 in
575 1925 795 1985 eadem
848 1928 1247 2005 proportione
1296 1950 1420 2008 qua
1467 1931 1830 1995 diminuitur
1880 1939 2250 2017 quadratum
2300 1941 2626 2013 distantiae,

181 2022 440 2082 diminui
500 2023 562 2083 in
622 2022 844 2083 eadem
903 2026 1303 2104 proportione
1362 2050 1487 2107 qua
1545 2031 1856 2095 distantiae
1917 2038 2288 2115 quadratum
2347 2053 2672 2120 augetur.-

183 2119 527 2187 Videamus
563 2122 713 2202 jam,
747 2123 1209 2202 comparatione
1255 2125 1536 2186 instituta
1571 2129 1732 2190 inter
1774 2131 2163 2211 planetarum
2209 2137 2372 2196 vires
2405 2139 2623 2198 centri-

180 2231 358 2298 petas
391 2218 450 2278 &
480 2219 608 2278 vim
638 2219 977 2299 gravitatiS‚
1011 2241 1218 2281 annon
1252 2223 1532 2302 ejusdem
1572 2226 1730 2289 forte
1774 2231 1899 2290 sint
1941 2234 2203 2312 generis.
2317 2235 2622 2315 Ejusdem

178 2338 331 2378 vero
380 2316 627 2397 generis
680 2329 876 2387 erunt,
930 2317 981 2376 si
1036 2318 1586 2397 deprehendantur
1636 2324 1777 2386 hinc
1831 2328 1890 2387 &
1944 2330 2087 2389 in'de
2139 2328 2309 2411 leges
2362 2332 2619 2407 eaedem,

177 2414 544 2493 eaedemque
579 2414 952 2475 affectiones
1052 2416 1260 2478 Primo
1306 2419 1514 2500 itaque
1558 2419 1737 2494 lunae,
1771 2445 1913 2503 quae
1946 2414 2136 2487 ¹nobis
2181 2430 2465 2508 proxima
2509 2445 2618 2502 est,

176 2512 306 2575 vim
337 2513 744 2592 centripetam
778 2513 1220 2592 expendamus,

289 2612 509 2693 Spatia
539 2611 866 2685 rectilinea,
900 2634 1041 2693 quae
1072 2634 1109 2672 a
1138 2615 1497 2693 corporibus
1529 2638 1563 2677 e
1595 2619 1804 2697 quiete
1849 2623 2134 2685 demissis
2166 2626 2314 2687 dato
2344 2640 2623 2708 tempore

176 2712 293 2773 sub
352 2713 488 2792 ipso
547 2724 752 2773 motus
822 2712 996 2773 initio
1064 2711 1511 2785 describuntur,
1574 2717 1678 2776 ubi
1739 2740 1776 2778 a
1848 2722 2082 2782 viribus
2152 2725 2622 2806 quibuscunque

174 2822 487 2891 urgentur,
540 2808 1024 2890 proportionalia
1068 2823 1214 2870 sunt
1266 2812 1415 2890 ipsis
1462 2814 1735 2877 viribus:
1804 2818 1920 2879 hoc
1965 2822 2179 2901 utique
2228 2826 2625 2904 consequitur

13 2915 26 2959 ἕ
86 2950 91 2954 .
174 2928 254 2968 ex
282 2907 614 2968 ratiociniis
645 2907 1112 2970 mathematicis,
1209 2909 1348 2969 Erit
1379 2910 1565 2991 igitur
1594 2914 1689 2973 vis
1734 2919 2075 2997 centripeta
2119 2919 2297 2993 lunae,
2332 2923 2391 2983 in
2424 2924 2623 2983 orbita

172 3027 286 3067 sua
331 3004 728 3080 revolventiS,
778 3007 859 3066 ad
917 3008 1046 3067 vim
1104 3008 1430 3088 gravitatis
1490 3009 1551 3069 in
1605 3013 1930 3091 superficie
1980 3029 2176 3089 terrae,
2232 3031 2300 3078 ut
2350 3021 2619 3098 spatium

173 3103 342 3183 quod
373 3115 655 3183 tempore
686 3126 874 3184 quam
924 3106 1181 3166 minimo
1228 3106 1607 3170 describeret
1654 3109 1801 3171 luna
1845 3113 2287 3177 descendendo
2330 3139 2444 3196 per
2492 3120 2618 3179 vim

173 3201 580 3280 centripetam
610 3222 829 3262 versus
859 3215 1103 3275 terram,
1137 3205 1187 3264 si
1233 3204 1509 3283 circulari
1562 3210 1731 3268 omni
1778 3224 1949 3271 motu
1996 3214 2225 3291 privari
2265 3215 2615 3296 fingeretur,

171 3296 253 3356 ad
311 3297 580 3377 spatium
640 3299 809 3379 quod
869 3301 1092 3362 eodem
1152 3314 1434 3382 tempore
1508 3327 1697 3385 quam
1758 3309 2015 3370 minimo
2074 3311 2367 3373 describit
2425 3337 2618 3395 grave

172 3413 396 3473 corpus
447 3395 510 3454 in
558 3396 783 3457 vicinia
833 3409 1032 3472 terrae,
1080 3420 1193 3478 per
1235 3401 1365 3461 vim
1408 3403 1737 3482 gravitatis
1789 3428 1919 3467 suae
1972 3409 2270 3471 cadendo.
2370 3412 2615 3473 Horum

171 3493 511 3572 spatiorum
552 3495 721 3574 prius
766 3496 1006 3576 aequale
1050 3511 1148 3559 est
1190 3521 1368 3559 arcus
1409 3522 1446 3560 a
1475 3500 1622 3562 luna
1667 3526 1781 3583 per
1820 3505 1984 3565 idem
2034 3520 2279 3587 tempus
2327 3510 2617 3590 descripti

120 3627 128 3643 ·
171 3590 332 3652 sinui
375 3614 574 3665 verso,
608 3595 841 3674 quippe
886 3597 992 3676 qui
1037 3595 1201 3658 lunae
1246 3598 1714 3662 translationem
1760 3604 1840 3663 de
1886 3617 2198 3685 tangente,
2231 3607 2455 3667 factam
2486 3631 2523 3668 a
2555 3611 2615 3669 vi

173 3689 526 3769 centripeta,
561 3692 847 3763 metitur;
893 3706 1081 3773 atque
1126 3696 1285 3757 adeo
1330 3701 1673 3839 cqmputari
1718 3714 1927 3780 potest
1971 3724 2049 3762 ex
2094 3703 2254 3764 datis
2291 3718 2421 3765 tum
2453 3705 2613 3766 lunae
