2852 4250
1117 113 1356 163 LIBER
1388 113 1699 164 PRIMUS
1755 158 1758 159 γ
2518 137 2540 177 1
2554 134 2634 194 97

185 275 283 338 est
310 288 380 338 ut
407 275 701 337 distantia
730 277 800 336 Ρ
807 262 917 348 H}
961 276 1022 337 &
1069 275 1207 358 (per
1234 260 1444 356 legum
1474 274 1658 336 corol.
1694 273 1765 357 11)
1814 275 2156 337 secundum
2199 277 2427 338 lineam
2470 279 2534 339 Ρ
2557 281 2631 352 G,

183 399 295 438 seu
326 399 543 438 versus
573 390 852 447 centrum
884 378 950 448 S,
982 389 1052 436 ut
1094 374 1420 456 longitudo
1462 376 1526 435 P
1549 375 1623 435 G.
1721 375 1921 456 Igitur
1954 388 2323 463 punctorum
2354 377 2632 438 omnium

185 477 247 536 in
295 474 482 555 plano
530 477 688 548 EF,
721 475 839 537 hoc
890 488 987 536 est
1034 473 1203 555 plani
1255 475 1446 534 totius
1496 474 1608 544 viS,
1642 494 1766 553 qua
1810 473 2242 552 corpusculum
2278 476 2343 534 Ρ
2372 475 2635 536 trahitur

182 594 400 633 versus
452 586 731 634 centrum
783 574 850 645 S,
903 586 1001 633 est
1050 586 1121 633 ut
1169 571 1464 632 distantia
1506 572 1571 630 Ρ
1593 572 1654 631 G
1697 569 2101 650 multiplicata
2151 593 2265 651 per
2307 593 2630 634 numerum

182 685 568 750 punctorum,
602 671 664 730 id
695 684 807 741 est,
840 682 910 730 ut
951 669 1217 731 solidum
1250 669 1420 749 quod
1466 669 1816 730 continetur
1845 670 1961 729 sub
1992 668 2179 748 plano
2211 671 2346 749 ipso
2383 672 2451 729 E
2466 672 2536 730 F
2570 672 2630 731 &

180 768 474 829 distantia
517 767 619 828 illa
659 768 820 829 PG.
933 768 1021 828 Et
1070 767 1351 828 similiter
1399 767 1495 827 vis
1548 765 1715 846 plani
1767 767 1870 845 ef,
1910 789 2041 846 qua
2088 767 2519 848 corpusculum
2565 771 2628 829 Ρ

57 844 62 847 .
118 923 123 928 ,
178 866 441 926 trahitur
468 887 685 926 versus
719 862 998 926 centrum
1045 867 1111 938 S,
1145 879 1241 926 est
1285 878 1353 926 ut
1396 864 1649 945 planum
1695 863 1844 925 illud
1876 866 2130 925 ductum
2177 867 2237 926 in
2269 867 2627 928 distantiam

179 985 355 1024 suam
407 966 471 1025 Ρ
486 986 551 1045 g,
600 966 735 1026 sive
787 979 856 1026 ut
907 965 1048 1025 huic
1100 963 1341 1045 aequale
1392 963 1647 1044 planum
1693 965 1847 1024 EF
1887 964 2144 1024 ductum
2176 966 2237 1025 in
2269 966 2626 1028 distantiam

181 1061 346 1122 illam
375 1064 439 1122 Ρ
454 1083 552 1143 g,·
599 1063 659 1123 &
689 1085 940 1142 summa*
975 1064 1198 1124 virium
1243 1061 1410 1143 plani
1455 1063 1777 1146 utriusque
1806 1076 1876 1124 ut
1919 1061 2171 1142 planum
2201 1065 2271 1124 E
2284 1065 2355 1124 F
2373 1065 2635 1126 ductum·

181 1161 241 1220 in
273 1181 578 1220 summam
609 1161 1039 1222 distantiarum
1069 1162 1134 1220 Ρ
1161 1161 1221 1220 G
1242 1175 1295 1226 -1-
1319 1162 1383 1220 Ρ
1388 1182 1452 1241 g,
1486 1160 1548 1220 id
1602 1174 1712 1231 est,
1746 1173 1814 1220 ut
1865 1159 2119 1240 planum
2172 1161 2322 1222 illud
2370 1163 2625 1224 ductum

180 1257 242 1317 in
279 1256 533 1337 duplam
584 1258 777 1318 centri
823 1257 883 1318 &
935 1256 1278 1338 corpusculi
1331 1258 1692 1318 distantiam
1737 1258 1885 1328 ΡΣ,
1932 1258 2051 1318 hoc
2095 1271 2206 1330 est,
2253 1272 2322 1319 ut
2365 1259 2625 1339 duplum

177 1341 439 1434 planum¹
488 1355 641 1415 EF
687 1355 941 1416 ductum
1003 1356 1062 1415 in
1124 1355 1483 1415 distantiam
1535 1354 1683 1425 ΡΣ,
1724 1353 1826 1415 vel
1872 1367 1941 1415 ut
1991 1377 2235 1415 summa
2293 1357 2625 1437 aequalium

175 1449 500 1531 planorum
529 1453 599 1512 E
612 1453 681 1512 F
686 1467 738 1519 -ι-
755 1474 786 1512 e
786 1452 851 1531 f
879 1452 1065 1513 ducta
1095 1453 1156 1513 in
1188 1452 1546 1512 distantiam
1571 1451 1851 1512 eandem.
1923 1453 2010 1512 Et
2033 1452 2214 1512 simili
2239 1470 2623 1535 argumento,

176 1549 340 1635 vires
413 1550 690 1610 omnium
747 1548 1074 1630 planorum
1134 1551 1196 1611 in
1256 1550 1502 1631 sphaera
1560 1564 1706 1622 tota,
1768 1550 1911 1611 hinc
1985 1552 2130 1612 inde
2196 1553 2519 1633 aequaliter
2590 1577 2628 1616 a

177 1662 389 1709 centro
431 1649 693 1729 sphaerae
752 1650 1131 1721 distantium,
1179 1663 1324 1710 sunt
1367 1663 1724 1710 ut-summa
1782 1649 2107 1730 planorum
2155 1652 2343 1713 ducta
2394 1654 2455 1713 in
2501 1655 2625 1715 dis-

176 1746 434 1827 tantiam
477 1747 541 1813 Ρ
564 1747 631 1821 S,
679 1746 796 1827 hoc
826 1760 937 1820 est,
972 1761 1041 1809 ut
1070 1748 1316 1828 sphaera
1346 1760 1477 1809 tota
1522 1747 1581 1808 &
1612 1761 1681 1808 ut
1724 1749 2019 1810 distantia
2055 1752 2194 1812 PS
2232 1752 2622 1833 conjunctim.

180 1843 254 1918 Q.
283 1844 364 1904 E.
392 1845 478 1905 D.

266 1942 401 2003 ξας.
441 1964 490 2005 2.
549 1943 789 2004 Trahat
810 1946 941 2026 jam
974 1943 1408 2025 corpusculum
1438 1946 1502 2005 Ρ
1530 1945 1840 2025 sphaeram
1884 1948 1953 2006 A
1977 1947 2047 2007 E
2071 1948 2137 2007 B
2156 1949 2231 2009 F.
2293 1948 2380 2009 Et
2399 1949 2623 2010 eodem

176 2048 545 2122 argumento
603 2043 965 2122 probabitur
1022 2044 1192 2124 quod
1250 2043 1362 2116 viS,
1425 2065 1550 2124 qua
1607 2044 1853 2124 sphaera
1905 2042 2008 2105 illa
2065 2045 2342 2118 trahitur,
2389 2047 2505 2107 erit
2556 2059 2626 2107 ut

176 2138 470 2200 distantia
511 2142 661 2203 ΡΣ.
755 2142 1029 2216 ρ.ΕΒ.

251 2308 254 2309 7
295 2238 427 2299 Cas,
481 2259 533 2316 3.
586 2240 1016 2320 Componatur
1050 2241 1183 2322 jam
1231 2241 1478 2320 sphaera
1507 2240 1700 2302 altera
1746 2263 1826 2302 ex
1873 2240 2251 2321 corpusculis
2285 2243 2622 2304 innumeris

172 2334 277 2405 P,·
322 2335 382 2396 &
413 2338 706 2417 quoniam
751 2339 863 2409 νίς,
898 2360 1022 2419 qua
1065 2338 1496 2419 corpusculum
1549 2341 2040 2421 unumquodque
2093 2342 2368 2413 trahitur,
2417 2355 2513 2402 est
2556 2354 2625 2402 ut

154 2431 467 2494 ‚distantia
519 2435 868 2514 corpusculi
915 2459 953 2496 a
1003 2450 1217 2498 centro
1276 2437 1541 2516 sphaerae
1602 2439 1818 2516 primae
1869 2440 1938 2500 δι
1987 2453 2056 2500 ut
2103 2440 2350 2519 sphaera
2401 2440 2623 2500 eadem

174 2530 563 2610 conjunctim,
610 2545 799 2612 atque
847 2533 989 2594 ideo
1036 2533 1257 2593 eadem
1306 2547 1417 2605 est,
1449 2556 1520 2594 ac
1565 2535 1615 2594 si
1661 2537 1938 2614 prodiret
1981 2550 2113 2597 tota
2148 2538 2227 2597 de
2258 2536 2624 2616 corpusculo

175 2627 360 2689 unico
405 2629 465 2689 in
498 2643 711 2692 centro
763 2631 1061 2710 sphaerae;
1107 2632 1203 2692 vis
1235 2645 1380 2703 tota,
1432 2654 1556 2711 qua
1600 2634 1961 2713 corpuscula
2005 2636 2213 2696 omnia
2258 2636 2318 2695 in
2379 2636 2626 2715 sphaera

173 2726 447 2787 secunda
477 2728 817 2800 trahuntur,
852 2727 968 2789 hoc
1000 2741 1110 2800 est,
1144 2751 1269 2809 qua
1312 2729 1558 2808 sphaera
1603 2729 1704 2790 illa
1749 2744 1880 2792 tota
1917 2733 2189 2802 trahitur,
2224 2733 2445 2792 eadem
2491 2733 2621 2803 erit,

173 2840 246 2883 ac
302 2824 355 2883 si
406 2825 652 2904 sphaera
703 2826 805 2886 illa
856 2827 1203 2888 traheretur
1252 2828 1315 2887 vi
1368 2827 1716 2907 prodeunte
1763 2830 1844 2890 de
1903 2829 2267 2909 corpusculo
2318 2831 2500 2891 unico
2561 2831 2622 2890 in

173 2932 386 2987 centro
416 2921 679 3001 sphaerae
710 2924 942 3003 primae,
978 2925 1038 2984 &
1081 2937 1413 3004 propterea
1455 2925 1933 3006 proportionalis
1978 2940 2075 2988 est
2109 2928 2420 2989 distantiae
2467 2928 2626 2989 inter

113 3043 115 3046 ¹
173 3030 385 3078 centra
413 3019 814 3098 sphaerarum.
909 3021 982 3096 Q.
1007 3022 1088 3082 E.
1116 3023 1201 3082 D.
1293 3052 1296 3053 ⁷

290 3116 423 3177 Cas.
472 3114 528 3193 4.
582 3117 867 3178 Trahant
896 3118 1160 3198 sphaerae
1204 3140 1273 3180 se
1318 3132 1549 3192 mutu0‚
1584 3120 1644 3181 &
1684 3122 1781 3182 vis
1809 3123 2128 3204 geminata
2157 3124 2623 3204 proportionem

171 3216 440 3296 priorem
471 3220 761 3280 servabit.
856 3220 930 3295 Q.
953 3221 1034 3281 E.
1057 3221 1141 3281 D.

288 3316 421 3377 Cas,
473 3335 522 3394 5.
575 3318 845 3379 Locetur
879 3320 1012 3399 jam
1058 3318 1490 3398 corpusculum
1520 3330 1573 3401 p
1606 3323 1766 3383 intra
1809 3324 2122 3403 sphaeram
2153 3325 2221 3384 A
2245 3325 2315 3385 E
2333 3325 2484 3384 BF
2495 3351 2520 3395 ,·
2561 3323 2621 3384 8:

173 3407 468 3493 quoniam
497 3416 593 3476 vis
628 3415 797 3495 plani
826 3417 918 3495 ef
922 3410 925 3413 V
948 3418 1013 3477 in
1058 3410 1490 3497 corpusculum
1535 3434 1631 3481 est
1674 3434 1743 3481 ut
1787 3422 2054 3483 solidum
2100 3414 2460 3484 contentum
2506 3421 2622 3481 sub

173 3508 360 3589 plano
412 3511 516 3573 illo
569 3512 629 3573 ἃ
679 3514 976 3574 distantia
1011 3523 1165 3593 pg:
1211 3515 1271 3575 ἃ
1322 3517 1418 3575 vis
1471 3519 1777 3577 contraria
1829 3518 1996 3598 plani
2047 3521 2200 3579 EF
2240 3533 2309 3579 ut
2354 3519 2620 3579 solidum

173 3622 531 3670 contentum
589 3611 706 3671 sub
765 3610 951 3691 plano
1010 3611 1113 3673 illo
1172 3612 1234 3672 &
1290 3613 1588 3675 distantia
1631 3624 1686 3695 p
1710 3618 1811 3688 G‚·
1882 3618 1999 3677 erit
2056 3618 2152 3677 vis
2210 3639 2289 3677 ex
2355 3629 2622 3695 'utraque

172 3708 643 3786 composita⁴ut
699 3709 1048 3770 differentia
1104 3708 1459 3783 solidorum,
1514 3712 1633 3774 hoc
1691 3727 1805 3785 est,
1860 3727 1930 3775 ut
1988 3736 2232 3774 summa
2289 3711 2621 3793 aequalium

172 3801 491 3882 planorem
550 3805 773 3866 ducta„
795 3806 883 3866 in.
915 3805 1238 3879 semissem
1298 3808 1664 3870 different-iae
1737 3811 2185 3882 distantiarum,
2246 3810 2329 3884 id,
2356 3858 2358 3862 .
2382 3822 2491 3880 est,
2553 3821 2622 3868 ut
