2846 4250
161 83 192 147 5
203 85 285 145 30
482 59 483 62 '
906 59 1024 110 DE
1057 58 1135 110 M
1136 58 1343 110 UNDI
1369 57 1414 110 S
1425 56 1733 111 YSTEMA
1743 58 1842 109 TE

155 231 436 315 exposui,
469 229 584 293 sed
615 248 871 291 causam
890 226 1233 310 gravitatis
1265 225 1550 288 nondum
1585 226 1926 310 assignavi.
2023 226 2245 291 Oritur
2272 228 2494 312 utique
2522 228 2662 292 haec

154 332 251 394 vis
289 353 328 393 a
365 352 555 392 causa
583 327 809 410 aliqua,
844 348 989 408 quae
1025 338 1318 408 penetrat
1347 325 1430 386 ad
1462 347 1666 408 usque
1697 339 1916 388 centra
1958 324 2111 390 solis
2157 327 2220 390 &
2264 326 2662 411 planetarum

151 432 289 494 sine
333 429 582 493 virtutis
629 427 1082 501 diminutione;
1149 447 1422 508 quaeque
1474 427 1610 509 agit
1654 448 1782 489 non
1829 448 1948 509 pro
1994 428 2349 510 quantitate
2398 429 2662 512 superfi-

149 531 383 595 cierum
435 527 897 612 particularum,
934 527 996 588 in
1046 549 1206 608 quas
1259 527 1393 610 agit
1428 525 1523 608 (ut
1570 525 1778 589 solent
1826 549 2034 590 causae
2084 528 2495 613 mechanicae)
2545 530 2661 592 sed

151 654 267 715 pro
299 622 653 714 quantitate
685 627 966 690 materiae
995 627 1249 700 solidoe,·
1294 626 1356 689 &
1401 628 1581 711 cujus
1626 629 1791 691 actio
1827 629 1890 691 in
1939 630 2282 692 immensas
2328 630 2662 692 distantias

150 733 434 815 undique
464 731 842 803 extenditur,
876 728 1306 791 decrescendo
1351 751 1606 811 semper
1658 730 1721 791 in
1771 729 2094 812 duplicata
2143 731 2386 795 ratione
2423 731 2661 793 distan-

149 834 393 895 tiarum.
513 832 813 894 Gravitas
867 830 931 892 in
977 828 1178 892 solem
1223 830 1625 911 componitur
1669 849 1751 892 ex
1802 826 2223 915 gravitatibus
2270 832 2334 894 in
2380 830 2663 916 singulas

148 934 298 997 solis
338 931 695 1015 particulas,
730 930 792 993 &
845 930 1204 993 recedendo
1257 952 1296 992 a
1347 929 1482 993 sole
1535 931 1845 994 decrescit
1895 944 2188 994 accurate
2234 932 2297 994 in
2343 931 2665 1014 duplicata

148 1036 390 1098 ratione
434 1034 875 1097 distantiarum
921 1033 1004 1094 ad
1051 1032 1522 1114 usque-orbem
1569 1033 1846 1106 Saturni,
1880 1044 1951 1094 ut
1996 1055 2077 1094 ex
2116 1033 2331 1115 quiete
2381 1031 2661 1116 aphelio-

149 1159 287 1198 rum
347 1134 742 1218 planetarum
804 1133 1210 1196 manifestum
1271 1146 1384 1207 est,
1449 1133 1511 1195 &
1570 1134 1653 1196 ad
1714 1155 1919 1215 usque
1981 1132 2204 1195 ultima
2273 1147 2663 1197 cometarum

148 1236 413 1320 aphelia,
476 1237 528 1299 si
591 1236 785 1298 modo
859 1233 1112 1317 aphelia
1173 1233 1277 1296 illa
1337 1235 1681 1317 quiescant.
1811 1235 2154 1298 Rationem
2228 1257 2385 1299 vero
2438 1236 2663 1298 harum

145 1338 477 1422 gravitatis
552 1336 1011 1419 proprietatum
1072 1357 1154 1397 ex
1213 1334 1655 1417 phaenomenis
1726 1336 2011 1398 nondum
2086 1337 2266 1419 potui
2327 1337 2662 1424 deducere,

148 1440 210 1501 &
269 1438 658 1522 hypotheses
721 1459 847 1500 non
923 1436 1114 1520 fingo.
1254 1437 1579 1519 Quicquid
1655 1437 1826 1499 enim
1887 1459 1968 1500 ex
2031 1438 2474 1520 phaenomenis
2535 1462 2663 1503 non

146 1541 494 1614 deducitur,
527 1540 867 1622 hypothesis
918 1539 1210 1602 vocanda
1258 1552 1389 1613 est;
1462 1538 1524 1600 &
1577 1539 1968 1621 hypotheses
2021 1561 2134 1602 seu
2189 1541 2660 1623 metaphysicae,

146 1663 259 1704 seu
291 1641 586 1723 physicae,
614 1663 726 1703 seu
759 1639 1135 1722 qualitatum
1167 1639 1570 1714 occultarum,
1604 1662 1718 1702 seu
1752 1639 2154 1714 mechanicae,
2182 1641 2245 1702 in
2260 1642 2664 1724 philosophia
2750 1682 2753 1685 -

144 1743 619 1824 experimentali
657 1741 864 1805 locum
913 1764 1039 1805 non
1087 1742 1341 1804 habent.
1443 1743 1518 1802 In
1566 1742 1684 1803 hac
1730 1740 2138 1824 philosophia
2189 1744 2660 1825 propositiones

145 1844 546 1906 deducuntur
575 1865 655 1906 ex
687 1842 1143 1924 phaenomeniS,
1180 1841 1242 1903 &
1274 1841 1628 1903 redduntur
1670 1841 2005 1924 generales
2050 1864 2167 1924 per
2207 1844 2657 1909 inductionem.

145 1942 253 2005 Sic
293 1941 875 2024 impenetrabilitaS,
909 1940 1234 2004 mobilitas
1275 1941 1337 2002 &
1377 1941 1651 2023 impetus
1699 1964 2037 2023 corporum
2072 1941 2134 2004 &
2164 1940 2341 2027 leges
2373 1959 2662 2009 motuum

145 2042 206 2104 &
235 2043 567 2125 gravitatis
600 2043 1026 2104 innotuerunt.
1124 2042 1215 2102 Et
1259 2040 1413 2102 satis
1460 2053 1558 2102 est
1604 2041 1778 2122 quod
1822 2042 2108 2124 gravitas
2156 2064 2380 2106 revera
2411 2046 2660 2123 existat,

144 2143 206 2205 ἃ
236 2157 386 2226 agat
416 2144 766 2206 secundum
798 2142 976 2226 leges
1023 2165 1062 2204 a
1109 2142 1293 2205 nobis
1325 2141 1671 2223 expositaS,
1707 2142 1769 2204 δε
1814 2141 1898 2203 ad
1945 2165 2281 2225 corporum
2313 2145 2661 2212 caelestium

143 2244 205 2306 83
236 2246 425 2306 maris
458 2245 653 2308 nostri
688 2258 898 2308 motus
931 2266 1153 2307 omnes
1186 2243 1472 2305 sufficiat.

258 2349 560 2434 Adjicere
610 2351 747 2434 jam
807 2349 1024 2412 liceret
1096 2346 1399 2412 nonnulla
1468 2347 1551 2409 de
1611 2348 1836 2429 spiritu
1897 2349 2179 2431 quodam
2222 2351 2663 2421 ,subtilissimo

141 2475 407 2535 corpora
437 2475 648 2515 crassa
678 2453 1089 2535 pervadente,
1126 2451 1187 2513 ἃ
1221 2451 1282 2512 in
1317 2450 1543 2512 iisdem
1575 2448 1848 2525 latente;
1897 2452 2075 2535 cujus
2106 2453 2170 2514 vi
2205 2452 2267 2516 &
2306 2455 2662 2520 actionibus

141 2554 463 2638 particulae
525 2578 859 2637 corporum
921 2554 1004 2616 ad
1065 2553 1359 2615 minimas
1413 2552 1748 2613 distantias
1801 2574 1873 2615 se
1925 2566 2148 2616 mutuo
2200 2555 2542 2631 attrahunt,
2599 2558 2662 2621 &

43 2661 60 2730 ζ
142 2658 456 2741 contiguae
509 2656 694 2718 factae
748 2656 1113 2730 cohaerent;
1181 2654 1243 2716 &
1292 2675 1559 2735 corpora
1607 2651 1900 2715 electrica
1946 2668 2151 2737 agunt
2194 2657 2277 2718 ad
2323 2657 2660 2722 distantias

142 2758 433 2840 majores,
468 2770 598 2818 tam
632 2755 1003 2838 repellendo
1053 2777 1246 2837 quam
1301 2753 1683 2825 attrahendo
1737 2752 2110 2836 corpuscula
2140 2756 2388 2832 vicina;
2438 2757 2500 2820 81
2550 2757 2662 2823 lux

141 2858 461 2931 emittitur,
542 2857 901 2931 reflectitur,
974 2856 1352 2940 refringitur,
1430 2854 1783 2929 inflectitur,
1863 2856 1925 2918 &
2001 2878 2267 2939 corpora
2340 2858 2659 2935 calefacit3

143 2959 205 3021 &
258 2959 539 3021 sensatio
593 2959 801 3020 omnis
855 2957 1185 3029 excitatur,
1243 2955 1306 3017 &
1366 2955 1654 3017 membra
1706 2954 2073 3017 animalium
2126 2956 2658 3023 ad‘voluntatem

142 3074 499 3133 moventur,
554 3059 1019 3122 vibrationibus
1068 3056 1309 3120 scilicet
1353 3056 1540 3140 hujus
1586 3057 1844 3138 spiritus
1898 3079 2015 3139 per
2057 3056 2263 3120 solida
2316 3080 2658 3123 nervorum

141 3160 584 3244 capillamenta
614 3161 695 3222 ab
728 3161 1013 3223 externis
1060 3180 1363 3222 sensuum
1409 3158 1668 3241 organis
1716 3158 1799 3219 ad
1853 3159 2185 3221 cerebrum
2234 3158 2366 3233 &a
2396 3162 2659 3224 cerebro

142 3264 204 3326 in
239 3260 559 3324 musculos
591 3261 979 3343 propagatis,
1076 3259 1210 3321 Sed
1244 3259 1382 3321 haec
1413 3258 1632 3339 paucis
1664 3259 1898 3340 exponi
1932 3281 2060 3322 non
2091 3274 2400 3342 possunt;
2449 3282 2659 3343 neque

140 3365 324 3427 adest
368 3362 687 3425 sufficiens
733 3360 917 3443 copia
962 3360 1563 3442 experimentorum,
1598 3359 1829 3441 quibus
1882 3358 2058 3444 leges
2103 3361 2424 3424 actionum
2470 3361 2658 3446 hujus

140 3466 396 3549 spiritus
428 3477 719 3528 accurate
754 3463 1162 3527 determinari
1198 3462 1259 3524 8ε
1291 3463 1627 3525 monstrari
1660 3463 1913 3529 debent.

1284 3655 1500 3697 FINIS.
