2852 4250
1003 103 1016 110 “
1079 110 1325 167 LIBER
1358 110 1672 181 SECUND
1684 112 1782 163 css.
2507 118 2557 174 ‘2
2565 117 2604 174 6
2610 130 2643 191 5

1095 402 1523 468 SECTIO
1600 400 1764 462 ΙΙΙ.

83 616 97 676 j
209 599 310 660 De
361 601 528 657 motu
582 597 907 671 corporum
961 586 1180 667 quibus
1235 580 1552 658 resistitur
1588 563 1841 657 partim
1890 576 1959 636 in
2010 576 2250 637 ratione
2303 575 2644 651 velocitatis,

767 699 1018 781 partim
1056 696 1126 757 in
1163 692 1423 775 ejusdem
1464 688 1703 750 ratione
1738 686 2070 766 duplicata.

491 974 1118 1044 PROPOSITIO
1197 972 1335 1033 XI.
1461 965 2065 1033 THEOREMA
2141 966 2364 1028 VIII.

209 1153 289 1214 Si
328 1150 572 1231 corpori
615 1145 931 1209 resistitur
955 1140 1207 1224 partim
1252 1137 1323 1198 in
1371 1134 1612 1196 ratione
1657 1131 1998 1202 velocitatis,
2037 1130 2286 1210 partim
2331 1130 2400 1190 in
2444 1130 2646 1191 veloci-

290 1264 439 1325 tatis
481 1260 720 1322 ratione
764 1256 1098 1336 duplicata,
1157 1253 1239 1316 &³
1288 1248 1445 1310 idem
1490 1247 1618 1307 sola
1667 1243 1736 1304 vi
1780 1242 1971 1303 insita
2021 1242 2089 1302 in
2140 1242 2330 1302 medio
2379 1242 2656 1303 similari

290 1383 565 1438 movetur
580 1399 599 1435 .·
657 1377 996 1434 sumantur
1048 1372 1254 1427 autem
1311 1367 1581 1440 tempora
1639 1356 1708 1416 in
1750 1354 2173 1435 progressione
2225 1353 2609 1413 arithmetica
2626 1379 2651 1423 ,-

286 1487 661 1570 quantitates
689 1481 1097 1545 velocitatibus
1126 1477 1417 1557 reciproce
1437 1468 1944 1553 proportionales
1978 1466 2126 1526 a'ata
2160 1466 2426 1546 quadam
2453 1487 2647 1545 quan-

290 1601 466 1661 titate
489 1604 694 1668 auctae,
725 1603 912 1656 erunt
939 1594 1007 1655 in
1031 1587 1459 1673 progressione
1479 1579 1858 1665 geometrica.

320 1796 554 1856 Centro
610 1793 675 1864 C,
734 1787 1104 1870 asymptotis
1157 1778 1532 1863 rectangulis
1590 1777 1647 1837 C
1661 1775 1727 1835 A
1751 1774 1823 1834 D
1850 1772 1899 1832 (ι’
1943 1771 2004 1832 &
2062 1772 2118 1832 C
2129 1772 2220 1843 H,
2270 1771 2653 1832 describatur

205 1890 547 1974 hyperbola
574 1891 724 1950 BE
737 1910 779 1961 e,
814 1888 874 1949 &
903 1897 1259 1967 asymptoto
1295 1883 1351 1943 C
1364 1880 1450 1941 H
1473 1872 1783 1959 parallelae
1814 1872 1940 1932 sint
1969 1871 2036 1930 A
2060 1872 2139 1943 B,
2171 1871 2341 1943 DE,
2373 1871 2423 1930 a'
2431 1893 2472 1931 e.
2577 1871 2649 1930 In

201 2003 559 2073 asymptoto
594 1989 651 2050 C
660 1989 732 2048 D
769 1987 995 2047 dentur
1025 1995 1254 2064 puncta
1285 1981 1376 2052 A,
1404 1979 1463 2039 G
1482 2003 1500 2039 .·
1551 1975 1639 2034 Et
1692 2012 1731 2049 H

199 2091 255 2152 si
285 2104 531 2170 tempus
562 2097 909 2167 exponatur
937 2104 1049 2163 per
1077 2103 1286 2142 aream
1325 2082 1633 2163 hyperbo-

203 2187 384 2249 licam
413 2187 481 2246 A
505 2186 570 2245 B
586 2186 655 2245 E
669 2185 740 2244 D
782 2182 1174 2244 uniformiter
1216 2195 1596 2242 crescentem
1620 2205 1632 2254 3

206 2287 346 2348 dico
397 2283 567 2365 quod
625 2280 922 2343 velocitas
975 2280 1204 2361 exponi
1257 2293 1468 2360 potest
1522 2303 1634 2361 per

206 2382 658 2466 longitudinem
701 2380 862 2450 DF,
906 2379 1081 2459 cujus
1122 2377 1437 2457 reciproca
1486 2379 1634 2439 GD

208 2504 334 2543 una
362 2502 502 2541 curn
547 2479 695 2539 data
744 2478 800 2538 C
819 2477 879 2538 G
922 2489 1259 2557 componat
1296 2475 1630 2558 longitudi-

209 2602 353 2642 nem
389 2580 445 2640 C
453 2579 524 2639 D
555 2578 615 2638 in
640 2575 1076 2658 progressione
1097 2575 1479 2656 geometrica
1502 2596 1629 2636 cre·
1724 2597 1758 2634 o

209 2689 501 2740 scenter'n.

321 2776 420 2836 Sit
437 2774 602 2835 enim
621 2770 828 2834 areola
848 2772 996 2832 DE
999 2770 1084 2830 ea'
1098 2770 1313 2830 datum
1333 2772 1631 2851 temporis

209 2875 654 2936 incrementum
698 2892 887 2952 quam
932 2870 1272 2941 minimum,
1307 2869 1367 2929 &
1411 2871 1527 2931 erit
1569 2872 1706 2932 Da'
1741 2874 2051 2954 reciproce
2081 2885 2150 2934 ut
2178 2874 2347 2947 DE,
2382 2872 2647 2953 ideoque

1398 2988 1420 3027 1

103 3008 123 3043 '⁵
207 3020 438 3080 directe
468 3031 537 3079 ut
573 3019 629 3080 C
643 3019 728 3080 D.
825 3017 1030 3098 Ipsius
1075 3028 1285 3076 autem
1333 3053 1468 3059 —-
1526 3015 2012 3090 decrementum,
2059 3017 2228 3097 quod
2281 3016 2417 3100 (per
2465 3018 2646 3099 hujus

55 3444 96 3563 -Ϊ,
212 3457 438 3555 ffi-

706 3169 842 3229 Dd
1250 3070 1483 3228 ΟΞΠ
1570 3168 1942 3235 CG÷GD

671 3267 893 3353 GDq,
940 3218 1057 3279 erit
1100 3230 1169 3278 ut
1214 3238 1544 3350 GDqseu
1654 3272 1856 3351 GDq
1949 3266 1961 3290 ,
2010 3217 2072 3278 id
2131 3229 2242 3292 est,
2290 3229 2360 3277 ut
2405 3190 2632 3331 EID-{-

206 3218 347 3282 lem.
402 3219 474 3303 11)
528 3232 626 3282 est

249 3373 383 3434 CG
532 3420 733 3502 Igitur
775 3432 1056 3500 tempore
1099 3419 1167 3478 A
1191 3418 1258 3477 B
1273 3419 1343 3477 E
1357 3418 1429 3477 D
1456 3427 1584 3496 ‘per
1627 3417 2012 3479 additionem
2057 3418 2340 3478 datarum
2387 3416 2646 3495 particu-

1912 3592 1934 3630 1

69 3644 90 3674 ³
207 3619 404 3682 larum
433 3623 503 3683 E
515 3623 587 3683 D
606 3622 656 3682 a'
664 3644 695 3683 e
719 3620 1105 3682 uniformiter
1143 3634 1473 3692 crescente,
1520 3620 1823 3681 decrescit
1849 3639 1855 3644 ·
2035 3618 2119 3678 in.
2142 3617 2361 3678 eadem
2409 3615 2645 3676 ratione

1858 3674 1917 3732 G
1934 3675 2005 3732 D

211 3793 351 3833 cum
379 3771 722 3836 velocitate.
816 3771 986 3832 Nam
1027 3771 1492 3833 decrementum
1536 3769 1881 3832 velocitatis
1911 3780 2007 3829 est
2036 3780 2105 3828 ut
2133 3765 2493 3836 resistentia,
2526 3763 2644 3825 hoc
