2852 4250
171 60 176 70 ⁹
215 39 267 70 ‚1ss
295 48 300 52 ,
326 44 330 51 .

139 91 156 119 .ss
186 72 227 106 β’

1043 115 1047 120 ·
1091 108 1341 162 HBER
1363 110 1785 162 SECUNDUS.
2542 137 2573 176 2
2580 137 2656 195 41

221 298 347 344 non
376 276 716 342 resistente
731 273 913 338 simul
943 274 1222 336 describi
1238 279 1467 353 posset,
1499 284 1571 332 ut
1597 283 1695 333 est
1733 288 1879 332 area
1906 235 2308 352 hyperbolica
2334 275 2403 335 A
2427 277 2493 336 B
2514 278 2575 338 G
2594 280 2666 338 D

218 382 318 443 ad
331 376 756 461 rectangulum
784 376 854 437 A
878 377 943 436 B
964 395 1006 436 ><
1026 375 1094 435 Α
1120 374 1234 438 D.
2231 390 2241 402 ·

334 479 530 540 Corol.
597 498 649 555 3.
718 476 922 536 Datur
960 472 1147 533 etiam
1192 469 1544 530 resistentia
1594 467 1798 538 medii,
1830 468 2164 530 statuendo
2194 491 2332 530 eam
2364 470 2500 549 ipso
2531 493 2659 533 mo-

215 590 315 637 tus
374 576 547 637 initio
604 571 910 654 aequalem
969 590 1108 631 esse
1152 568 1215 628 vi
1274 566 1562 627 uniformi
1622 565 1996 644 centripetae‚
2045 587 2186 646 quae
2259 567 2321 627 in
2395 568 2658 630 cadente

216 695 487 753 corpore,
548 684 829 750 tempore
885 668 953 728 A
988 668 1053 737 C,
1115 665 1176 724 in
1238 662 1484 724 medio
1503 655 1627 724 non
1687 663 2028 735 resistente,
2087 686 2388 745 generare
2446 680 2663 744 posset

214 769 607 832 velocitatem
637 767 706 827 A
733 767 814 826 B.
886 764 1055 824 Nam
1086 763 1137 823 si
1168 762 1429 822 ducatur
1456 762 1520 825 B
1555 762 1618 822 T
1631 782 1778 840 quae
1810 774 2027 841 tangat
2058 761 2463 841 hyperbolam
2498 763 2558 823 in
2582 765 2660 836 B,

121 890 126 895 ·
218 867 280 927 &
309 878 588 928 occurrat
616 873 971 943 asymptoto
1002 861 1063 920 in
1107 861 1200 932 T,·
1244 872 1411 920 recta
1441 859 1508 917 A
1549 859 1612 918 T
1630 857 1886 938 aequalis
1918 860 2034 920 erit
2065 860 2181 940 ipsi
2212 861 2280 920 A
2317 862 2380 933 C,
2414 861 2475 922 &
2508 874 2662 922 tem-

217 987 334 1046 pus
393 975 679 1044 exponet,
740 954 865 1042 quo
923 959 1272 1020 resistentia
1329 958 1528 1037 prima
1586 956 1973 1018 uniformiter
2029 958 2387 1019 continuata
2444 957 2660 1020 tollere

217 1075 431 1145 posset
459 1060 851 1123 velocitatem
882 1071 1076 1119 totam
1107 1057 1175 1117 A
1197 1057 1274 1119 B.

335 1161 530 1222 Corol.
577 1179 630 1235 4.
682 1158 771 1218 Et
800 1156 945 1217 inde
975 1156 1158 1216 datur
1187 1155 1373 1216 etiam
1411 1155 1728 1234 proportio
1773 1154 1955 1235 hujus
1996 1154 2362 1216 resistentiae
2406 1154 2486 1216 ad
2531 1155 2659 1218 vim

218 1258 556 1341 gravitati3‚
589 1255 854 1317 aliamve
885 1254 1171 1334 quamvis
1201 1252 1412 1313 datam
1443 1253 1572 1312 vim
1603 1252 2026 1331 centripetam.

336 1356 529 1417 Corol.
570 1352 620 1432 5.
677 1353 766 1413 Et
794 1353 932 1413 vice
974 1373 1173 1426 versa,
1206 1352 1258 1412 si
1303 1351 1487 1411 datur
1530 1351 1847 1431 proportio
1900 1351 2266 1412 resistentiae
2318 1351 2398 1411 ad
2449 1351 2661 1412 datam

217 1454 503 1535 quamvis
561 1444 690 1513 vim
748 1451 1188 1530 centripetam;
1255 1449 1438 1509 datur
1481 1461 1728 1527 tempus
1771 1450 1839 1508 A
1876 1449 1939 1520 C,
1988 1470 2113 1528 quo
2163 1449 2260 1508 vis
2318 1449 2662 1528 centripeta

217 1552 582 1614 resistentiae
641 1544 895 1631 aequalis
952 1570 1252 1630 generare
1301 1548 1508 1627 'possit
1564 1546 1958 1608 velocitatem
2018 1547 2304 1625 quamvis
2355 1547 2423 1605 A
2452 1548 2554 1607 B.-
2600 1547 2661 1607 &

218 1651 362 1712 inde
405 1650 588 1710 datur
644 1661 940 1728 punctum
987 1636 1060 1706 B'
1095 1668 1207 1726 per
1250 1646 1419 1725 quod
1465 1644 1820 1725 hyperbola‚
1868 1644 2236 1723 asymptotis
2287 1643 2446 1714 CH,
2501 1644 2558 1703 C
2571 1645 2659 1719 D,

216 1749 479 1810 describi
537 1748 758 1820 debet;
821 1758 890 1805 ut
949 1744 1009 1805 &
1067 1746 1336 1824 spatium
1395 1744 1462 1803 A
1491 1745 1555 1803 B
1583 1744 1747 1814 GD,
1809 1743 1978 1823 quod
2032 1765 2255 1822 corpus
2309 1743 2661 1822 incipiendo

218 1859 455 1908 motum
514 1867 694 1905 suum
753 1865 893 1904 cum
953 1841 1281 1903 velocitate
1335 1840 1435 1900 illa
1492 1842 1559 1900 A
1590 1841 1670 1916 B,
1733 1854 2015 1920 tempore
2074 1840 2297 1920 quovis
2356 1840 2424 1899 A
2457 1841 2543 1911 D,
2604 1840 2662 1899 in

216 1944 424 2005 medio
454 1941 703 2003 similari
735 1941 1060 2001 resistente
1090 1939 1439 1999 describere
1469 1951 1692 2017 potest.

557 2119 1180 2181 PROPOSITIO
1255 2120 1384 2180 VI.
1509 2119 2109 2179 THEOREMA
2190 2119 2316 2179 IV.

221 2275 498 2354 Corpora
553 2273 846 2352 splzaerz'ca
902 2272 1255 2352 homogenea
1317 2273 1398 2335 ὣ*
1453 2271 1732 2351 aequalia,
1796 2268 2152 2329 resz'stenlz'z‘s
2207 2268 2275 2327 in
2346 2265 2662 2345 duplicata

299 2380 538 2447 ratione
563 2385 940 2445 velocz'tatum
971 2383 1274 2462 impedita,
1306 2385 1386 2447 ὣ*
1405 2383 1549 2443 solis
1577 2382 1812 2441 viribus
1841 2382 2045 2460 insitis
2071 2380 2346 2454 incitata,
2380 2378 2659 2457 tempori-

301 2501 422 2571 bus,
467 2520 602 2579 quoe
640 2506 790 2558 sunt
831 2498 1121 2576 reciproce
1160 2504 1234 2555 ut
1274 2495 1601 2555 velocitates
1655 2495 1764 2554 sub
1808 2494 2005 2567 initio,
2049 2492 2393 2552 describunt
2433 2497 2661 2568 semper

304 2612 567 2693 aequalz'a
635 2610 854 2691 spatia,
932 2610 1013 2674 69³
1082 2608 1386 2668 amittunt
1438 2614 1655 2686 partes
1724 2607 2106 2667 velocz'tatum
2162 2602 2657 2683 proportionales

303 2725 457 2785 totis,

331 2917 728 2998 Asymptotis
773 2914 1144 2998 rectangulis
1182 2916 1238 2976 C
1252 2917 1336 2986 D,
1375 2916 1431 2975 C
1444 2915 1529 2974 H
1589 2906 1632 2945 Η

213 3016 526 3096 descripta
548 3013 890 3096 hyperbola
911 3015 1132 3094 quavis
1154 3014 1219 3072 B
1237 3015 1269 3073 b
1287 3014 1355 3073 E
1371 3035 1400 3073 e
1426 3035 1519 3073 se-

216 3127 396 3175 cante
425 3112 862 3193 perpendicula
883 3114 951 3172 A
975 3114 1053 3183 B,
1085 3134 1125 3172 a
1143 3112 1191 3183 b,
1225 3114 1293 3172 D
1310 3113 1389 3183 E,
1420 3111 1520 3181 de,

162 3277 167 3282 ,
218 3204 280 3272 in
309 3214 388 3283 B,
427 3213 475 3283 b,
519 3213 601 3286 E,
643 3233 684 3282 e,
727 3210 1120 3290 exponantur
1162 3209 1523 3270 velocitates

219 3307 481 3369 initiales
500 3329 612 3387 per
628 3306 1067 3387 perpendicula
1090 3308 1156 3367 A
1170 3309 1248 3379 B,
1270 3309 1340 3367 D
1357 3308 1437 3378 E,
1464 3307 1525 3372 &

215 3418 501 3485 tempora
523 3426 634 3485 per
655 3404 848 3465 lineas
867 3405 934 3464 A
957 3426 1014 3476 a,
1033 3405 1165 3465 Dd.
1235 3404 1356 3463 Est
1374 3425 1524 3484 ergo

220 3515 290 3563 ut
305 3503 428 3562 Aa
455 3502 536 3562 ad
554 3502 717 3562 Dd
702 3514 787 3562 lta
809 3501 944 3583 (per
962 3501 1360 3581 hypothesin)
1383 3501 1530 3560 DE
1644 3522 1649 3578 Ι

219 3597 300 3660 ad
330 3601 397 3660 A
411 3597 504 3671 B,
538 3599 601 3660 81
639 3600 724 3660 ita
757 3598 860 3680 (ex
890 3613 1110 3659 natura
1137 3596 1522 3678 hyperbolae)

214 3693 361 3757 CA
398 3697 478 3757 ad
515 3697 572 3758 C
581 3697 682 3768 D
727 3697 787 3758 &
817 3697 1266 3776 componendo,
1300 3697 1385 3756 ita
1420 3696 1529 3756 Ca
1614 3703 1647 3743 C
2346 3707 2383 3744 D
2460 3705 2508 3753 d

220 3798 300 3858 ad
365 3799 421 3860 C
432 3799 488 3859 d
606 3796 780 3879 Ergo
852 3819 1014 3859 areae
1087 3798 1392 3867 ABba,
1438 3794 1718 3865 DEeass
1779 3793 1898 3875 hoc
1942 3804 2052 3861 est,
2102 3789 2303 3873 spatia
2354 3785 2663 3863 descripta

1420 3899 1459 3949 Q
