2852 4250
1155 87 1392 174 LjBER
1426 123 1733 174 PRIMUS.
1844 85 1849 90 ⁶
2559 152 2580 192 1
2593 136 2674 208 69

349 290 481 351 CaS.
541 297 599 351 2.'
646 289 988 371 Fingamus
1035 287 1170 370 jam
1227 298 1503 367 systema
1559 306 1888 365 corporum
1946 288 2255 349 minorum
2314 292 2504 354 modo
2537 295 2671 375 jam

231 386 541 467 descripto
571 387 730 462 circa
759 386 1098 447 maximum
1142 382 1613 454 revolventium,
1645 381 1894 444 aliudve
1942 385 2209 464 quodvis
2254 387 2518 449 duorum
2562 393 2673 452 cir-

230 505 370 544 cum
401 506 470 545 se
505 497 720 546 mutuo
764 482 1219 545 revolventium
1264 503 1590 561 corporum
1635 493 1912 560 systema
1954 484 2247 565 progredi
2291 486 2678 549 uniformiter

231 582 294 642 in
351 583 668 654 directum,
731 582 792 643 &
850 582 1085 642 interea
1140 579 1204 640 vi
1263 578 1537 658 corporis
1603 576 1854 639 alterius
1912 577 2098 660 longe
2156 582 2410 642 maximi
2471 583 2531 643 &
2595 585 2675 645 ad

228 700 520 761 magnam
564 679 922 740 distantiam
962 679 1061 738 siti
1106 677 1311 758 urgeri
1356 676 1436 736 ad
1481 675 1658 737 latus,
1752 676 1841 736 Et
1870 677 2164 756 quoniam
2195 676 2467 758 aequales
2511 680 2676 741 vires

225 776 697 849 acceleratriceS,
743 777 968 856 quibus
1020 796 1279 855 corpora
1336 775 1679 836 secundum
1738 773 1932 835 lineas
1984 774 2308 854 parallelas
2359 790 2673 858 urgentur,

226 894 350 936 non
417 887 659 935 mutant
721 874 875 935 situs
940 895 1266 954 corporum
1324 874 1406 934 ad
1468 874 1750 946 invicem,
1810 873 1923 935 sed
1984 886 2054 934 ut
2117 887 2393 954 systema
2456 889 2673 949 totum,

224 972 486 1032 servatis
557 973 824 1052 partium
898 972 1168 1033 motibus
1242 972 1401 1032 inter
1467 994 1551 1043 se,
1619 970 1801 1032 simul
1868 972 2289 1047 transferatur,
2355 973 2674 1036 efficiunt:

225 1070 619 1131 manifestum
671 1084 782 1143 est,
836 1071 1004 1151 quod
1057 1092 1136 1131 ex
1187 1069 1654 1130 attractionibus
1708 1070 1769 1130 in
1822 1091 2044 1149 corpus
2098 1071 2437 1130 maximum
2507 1070 2675 1133 nulla

224 1189 475 1248 prorsus
505 1169 736 1230 orietur
764 1169 1024 1229 mutatio
1055 1180 1260 1229 motus
1291 1180 1691 1228 attractorum
1724 1168 1884 1228 inter
1929 1189 2012 1239 se,
2046 1168 2163 1228 nisi
2208 1167 2309 1229 vel
2341 1191 2419 1230 ex
2450 1183 2670 1231 attrac-

221 1266 459 1328 tionum
503 1265 998 1327 acceleratricum
1044 1264 1627 1346 inaequalitate,’vel
1673 1288 1752 1327 ex
1806 1265 2201 1327 inclinatione
2245 1265 2545 1328 linearum
2590 1269 2671 1329 ad

223 1364 503 1436 invicem,
557 1365 897 1425 secundum
951 1386 1106 1444 quas
1150 1365 1547 1426 attractiones
1595 1365 1766 1426 fiunt.
1864 1365 2036 1425 Pone
2080 1386 2231 1446 ergo
2275 1367 2673 1428 attractiones

219 1483 438 1524 omnes
490 1460 946 1523 acceleratrices
995 1462 1055 1521 in
1103 1484 1327 1543 corpus
1372 1463 1712 1523 maximum
1765 1484 1904 1524 esse
1949 1463 2110 1523 inter
2138 1485 2205 1523 se
2251 1465 2561 1543 reciproce
2604 1479 2674 1527 ut

219 1561 521 1640 quadrata
593 1560 1058 1632 distantiarum;
1134 1560 1195 1621 &
1263 1561 1554 1642 augendo
1627 1561 1901 1640 corporis
1975 1561 2227 1621 maximi
2295 1562 2670 1635 distantiam,

217 1644 417 1719 donec
475 1671 779 1719 rectarum
837 1658 917 1718 ab
976 1658 1094 1719 hoc
1144 1659 1225 1719 ad
1285 1658 1521 1739 reliqua
1578 1659 1902 1720 ductarum
1961 1659 2326 1720 differentiae
2388 1675 2670 1740 respectu

218 1778 430 1817 earum
482 1755 884 1838 longitudinis
938 1755 998 1816 &
1044 1755 1470 1819 inclinationes
1530 1758 1609 1818 ad
1658 1759 1923 1818 invicem
1977 1758 2246 1819 minores
2295 1759 2433 1831 sint,
2482 1782 2670 1840 quam

216 1854 380 1915 datae
426 1856 699 1937 quaevis3
745 1856 1233 1935 perseverabunt
1277 1871 1482 1917 motus
1528 1857 1794 1937 partium
1836 1858 2191 1938 systematis
2237 1858 2397 1918 inter
2425 1880 2493 1919 se
2538 1859 2672 1919 sine

217 1955 541 2028 erroribu5‚
596 1955 701 2034 qui
748 1975 871 2015 non
924 1955 1048 2015 sint
1098 1956 1422 2035 quibusvis
1474 1956 1635 2015 datis
1689 1955 1972 2016 minores,
2083 1955 2171 2015 Et
2232 1956 2541 2035 quoniam,
2589 1957 2670 2017 ob

217 2054 508 2134 exiguam
561 2054 827 2133 partium
874 2053 1113 2116 illarum
1159 2055 1238 2114 ab
1285 2054 1549 2115 invicem
1594 2054 1968 2124 distantiam,
2016 2066 2291 2133 systema
2343 2068 2542 2115 totum
2588 2056 2668 2116 ad

216 2152 472 2212 modum
516 2153 788 2231 corporis
820 2153 1000 2212 unius
1031 2152 1391 2224 attrahitur;
1440 2152 1793 2213 movebitur
1822 2151 1987 2211 idem
2030 2151 2145 2211 hac
2189 2152 2556 2213 attractione
2586 2153 2668 2213 ad

198 2251 473 2311 'modum
518 2251 790 2331 corporis
821 2251 1037 2321 unius;
1084 2251 1200 2311 hoc
1232 2263 1341 2321 est,
1376 2264 1588 2310 centro
1633 2272 1746 2310 suo
1786 2250 2111 2331 gravitatis
2156 2250 2466 2310 describet
2510 2250 2669 2311 circa

213 2370 437 2429 corpus
482 2349 821 2409 maximum
866 2350 1205 2410 sectionem
1251 2348 1521 2428 aliquam
1581 2349 1859 2409 conicam
1910 2348 2044 2430 (viz.
2096 2348 2504 2429 hyperbolam
2563 2348 2665 2410 vel

212 2445 572 2526 parabolam
604 2448 968 2509 attractione
998 2447 1307 2529 languida,
1335 2446 1576 2526 ellipsin
1608 2445 1883 2528 fortiore)
1921 2446 1981 2508 Sc
2012 2448 2184 2509 radio
2215 2448 2294 2507 ad
2326 2448 2666 2507 maximum

212 2545 400 2606 ducto
443 2546 751 2606 describet
798 2567 973 2606 areas
1019 2545 1401 2625 temporibus
1446 2544 1955 2624 proportionaleS,
1989 2546 2123 2606 sine
2154 2545 2291 2606 ullis
2337 2546 2664 2617 erroribuS‚

212 2644 329 2705 nisi
360 2666 516 2724 quas
547 2645 814 2724 partium
855 2645 1183 2714 distantiae,
1217 2644 1576 2725 perexiguae
1621 2665 1772 2704 sane
1804 2643 1864 2704 ἃ
1893 2665 2007 2723 pro
2051 2642 2248 2705 lubitu
2294 2644 2664 2715 minuendae,

210 2741 460 2803 valeant
489 2743 748 2804 efficere.
844 2744 917 2818 Q.
953 2745 1033 2804 E.
1074 2743 1142 2804 O.

321 2840 521 2901 Simili
580 2854 947 2924 argumento
1008 2862 1269 2923 pergere
1321 2839 1464 2901 licet
1524 2840 1604 2902 ad
1667 2862 1846 2902 casus
1909 2841 2109 2922 magis
2170 2840 2549 2920 compositos
2604 2840 2664 2899 in

210 2937 531 3000 infinitum.

328 3037 524 3099 Corol.
569 3059 615 3099 1.
671 3039 745 3098 In
794 3061 939 3099 casu
991 3038 1286 3113 secundo,
1334 3060 1460 3119 quo
1512 3038 1767 3119 propius
1819 3038 2060 3099 accedit
2111 3060 2334 3118 corpus
2387 3037 2666 3098 omnium

211 3135 549 3195 maximum
602 3136 682 3196 ad
734 3149 1010 3217 systema
1056 3137 1321 3197 duorum
1374 3135 1473 3197 vel
1534 3135 1816 3216 plurium,
1873 3158 1949 3197 eo
2001 3136 2202 3217 magis
2255 3135 2669 3195 turbabuntur

209 3245 413 3294 motus
456 3235 723 3314 partium
762 3236 1118 3315 systematis
1164 3236 1326 3296 inter
1355 3257 1455 3308 se;
1505 3248 1839 3315 propterea
1883 3234 2054 3314 quod
2103 3233 2405 3294 linearum
2451 3255 2489 3292 a
2533 3254 2663 3293 cor-

207 3352 360 3410 pore
390 3334 662 3395 maximo
691 3334 772 3394 ad
804 3335 916 3395 has
960 3334 1286 3394 ductarum
1322 3334 1455 3415 jam
1501 3333 1699 3415 major
1750 3346 1846 3394 est
1894 3330 2210 3394 inclinatio
2254 3331 2335 3390 ad
2380 3330 2662 3401 invicem,

207 3432 527 3512 majorque
563 3433 976 3512 proportionis
1014 3431 1415 3512 inaequalitas,

326 3530 520 3592 Corol.
562 3551 611 3592 2.
663 3531 944 3591 Maxime
975 3544 1182 3592 autern
1228 3532 1655 3602 turbabuntur,
1702 3531 1996 3611 ponendo
2043 3529 2213 3610 quod
2265 3527 2663 3588 attractiones

206 3626 663 3690 acceleratrices
709 3629 978 3709 partium
1021 3630 1377 3709 systematis
1422 3651 1641 3690 versus
1687 3651 1911 3708 corpus
1976 3628 2260 3689 omnium
2323 3625 2662 3685 maximum

207 3745 332 3787 non
376 3726 502 3787 sint
544 3728 625 3788 ad
672 3729 938 3789 invicem
990 3728 1301 3807 reciproce
1353 3741 1422 3787 ut
1473 3727 1777 3807 quadrata
1834 3725 2267 3786 distantiarum
2318 3744 2356 3782 a
2407 3740 2663 3799 corpore

206 3821 308 3886 illo
353 3826 624 3888 maximo
647 3851 673 3900 ;-
714 3827 1058 3907 praesertim
1110 3826 1162 3886 si
1215 3826 1632 3906 proportionis
1684 3824 1866 3900 hujus
1913 3817 2538 3901 inaequalitas-major
2581 3815 2661 3875 sit
