2846 4250
217 106 248 166 5
265 107 285 147 1
298 107 340 165 4
998 87 1114 136 DE
1146 86 1435 138 MUNDJ
1461 85 1819 138 SYSTEMA
1828 86 1926 136 TE

219 254 414 317 Unde
459 253 650 316 etiarn
696 252 917 315 caudae
948 266 1335 315 cometarum
1381 251 1663 326 aliorum,
1698 274 1843 334 quae
1873 252 2103 315 breves
2140 266 2305 328 sunt,
2338 277 2466 318 non
2497 277 2714 321 ascen-

211 354 372 415 dunt
402 367 577 416 motu
610 351 795 415 celeri
829 352 890 414 &
921 368 1230 435 perpetuo
1260 376 1299 415 a
1336 354 1646 435 capitibus
1681 352 1742 414 &
1773 375 1924 415 mox
1969 368 2375 430 evanescunt,
2408 357 2524 419 sed
2569 371 2719 422 sunt

210 467 657 536 permanentes
681 476 991 535 vaporum
1018 454 1080 516 ἃ
1103 452 1575 516 exhalationum
1600 451 1927 526 columnae,
1954 476 1993 514 a
2023 454 2334 536 capitibus
2364 453 2718 522 lentissimo

211 552 842 626 multorum,dierum
890 567 1064 616 motu
1116 568 1501 637 propagatae,
1551 576 1711 636 quae,
1761 554 2200 635 participando
2248 569 2493 618 motum
2543 556 2717 620 illum

210 655 487 736 capitum
520 676 711 736 quem
731 654 1011 716 habuere
1041 654 1161 716 sub
1194 655 1386 728 initio,
1423 676 1538 736 per
1568 652 1763 716 coelos
1797 675 1924 715 una
1954 677 2098 716 cum
2130 657 2442 738 capitibus
2474 660 2717 721 moveri

210 767 498 836 pergunt.
597 754 687 814 Et
717 753 862 814 hinc
893 776 1108 816 rursus
1139 754 1454 838 colligitur
1502 756 1709 837 spatia
1740 753 2026 821 coelestia
2072 756 2137 816 vi
2187 757 2524 819 resistendi
2573 758 2715 821 des-

209 854 386 927 titui;
435 867 657 935 utpote
703 855 765 915 in
814 854 1043 935 quibus
1098 876 1224 916 non
1271 854 1476 917 solum
1522 853 1726 917 solida
1771 854 2169 937 planetarum
2217 856 2280 919 &
2327 871 2716 920 cometarum

207 974 486 1033 corpora,
521 953 635 1014 sed
682 954 874 1014 etiam
921 955 1221 1015 rarissimi
1268 955 1612 1017 caudarum
1652 978 1925 1037 vapores
1972 972 2183 1020 motus
2214 981 2364 1021 suos
2396 957 2716 1022 velocissi-

207 1075 344 1115 mos
375 1053 694 1115 liberrime
724 1067 1040 1136 peragunt
1069 1077 1143 1115 ac
1174 1055 1530 1116 diutissime
1561 1069 1957 1118 conservant.

320 1154 683 1216 Ascensum
730 1154 1073 1215 caudarum
1127 1177 1207 1216 ex
1260 1154 1704 1235 atmosphaeris
1751 1158 2030 1238 capitum
2077 1156 2139 1219 ἃ
2191 1180 2602 1243 progressum
2655 1162 2718 1223 in

206 1269 416 1338 partes
448 1278 485 1317 a
516 1254 650 1317 sole
682 1277 939 1317 aversas
971 1256 1054 1315 K
1046 1257 1286 1336 eplerus
1308 1256 1564 1318 ascribit
1593 1258 1824 1319 actioni
1857 1258 2176 1320 radiorum
2208 1259 2363 1323 lucis
2389 1264 2718 1343 materiam

205 1357 424 1418 caudae
477 1379 692 1419 secum
748 1356 1141 1438 rapientium.
1240 1356 1329 1417 Et
1381 1378 1601 1417 auram
1650 1356 1843 1441 longe
1893 1360 2330 1423 tenuissimam
2386 1363 2449 1424 in
2498 1364 2719 1446 spatiis

171 1455 535 1532 ,liberrimis
581 1457 812 1519 actioni
861 1457 1181 1518 radiorum
1215 1456 1441 1518 cedere
1475 1478 1602 1519 non
1636 1470 1735 1518 est
1765 1480 1804 1519 a
1834 1460 2078 1522 ratione
2124 1484 2382 1543 prorsus
2422 1463 2714 1540 alienum,
2783 1486 2813 1509 .-

205 1580 331 1621 non
384 1559 679 1620 obstante
733 1558 906 1640 quod
969 1558 1340 1619 substantiae
1394 1580 1623 1620 crassae
1680 1560 2181 1641 impeditissimis
2235 1564 2298 1625 in
2352 1566 2719 1649 regionibus

204 1659 433 1720 nostris
465 1681 503 1719 a
536 1659 726 1720 radiis
773 1657 923 1720 solis
971 1658 1353 1720 sensibiliter
1397 1658 1664 1741 propelli
1714 1676 2049 1743 nequeant.
2143 1663 2332 1727 Alius
2378 1667 2717 1747 particulas

202 1773 331 1819 tam
363 1757 538 1820 leves
585 1782 776 1840 quam
821 1782 1055 1843 graves
1103 1760 1237 1821 dari
1285 1782 1476 1841 posse
1509 1762 1845 1835 existimat,
1882 1763 1943 1824 &
1993 1766 2323 1827 materiam
2372 1769 2717 1832 caudarum

199 1859 476 1933 levitare‚
540 1883 781 1943 perque
855 1860 1180 1923 levitatem
1242 1884 1424 1923 suam
1484 1885 1523 1924 a
1583 1862 1717 1926 sole
1777 1866 2135 1931 ascendere.
2261 1869 2426 1931 Cum
2501 1885 2715 1934 autem

196 1964 478 2046 gravitas
525 1985 860 2044 corporum
909 1963 1299 2025 terrestrium
1346 1964 1428 2025 sit
1478 1978 1548 2026 ut
1596 1966 1862 2028 materia
1911 1968 1973 2029 in
2021 1970 2406 2051 corporibuS,
2442 1972 2716 2056 ideoque

195 2077 446 2125 servata
478 2065 830 2145 quantitate
877 2066 1159 2127 materiae
1205 2066 1447 2127 intendi
1484 2066 1544 2127 &
1575 2068 1809 2129 remitti
1857 2083 2148 2150 nequeat,
2182 2073 2470 2154 suspicor
2497 2097 2715 2137 ascen-

197 2187 338 2226 sum
387 2163 559 2226 illum
586 2187 665 2226 ex
699 2165 1114 2228 rarefactione
1162 2168 1446 2229 materiae
1490 2169 1835 2230 caudarum
1882 2171 2094 2252 potius
2140 2172 2303 2235 oriri.
2399 2174 2718 2239 Ascendit

195 2265 405 2325 fumus
460 2266 522 2326 in
577 2266 824 2327 camino
873 2265 1146 2347 impulsu
1201 2268 1364 2328 aeris
1413 2267 1513 2328 cui
1567 2268 1826 2331 innatat.
1925 2270 2065 2332 Aer
2117 2270 2220 2334 ille
2272 2295 2390 2355 per
2440 2275 2714 2340 calorem

196 2365 534 2427 rarefactus
595 2367 883 2428 ascendit
942 2368 1025 2429 ob
1087 2367 1464 2429 diminutam
1526 2391 1707 2431 suam
1767 2372 2153 2454 gravitatem
2213 2376 2590 2456 specificam,
2652 2380 2715 2442 &

194 2466 437 2527 fumum
470 2465 859 2547 implicatum
908 2467 1072 2547 rapit
1117 2490 1350 2530 secum.
1449 2469 1693 2548 Quidni
1743 2472 1947 2534 cauda
1995 2488 2261 2538 cometae
2307 2478 2391 2539 ad
2437 2480 2713 2543 eundem

197 2567 457 2627 modum
489 2567 845 2629 ascenderit
876 2589 913 2627 a
945 2566 1079 2629 sole
1106 2567 1130 2629 ?
1225 2569 1398 2630 Nam
1432 2571 1590 2632 radii
1622 2572 1860 2634 solares
1894 2596 2019 2636 non
2042 2577 2287 2659 agitant
2317 2580 2545 2657 media,
2569 2604 2714 2663 quae

198 2682 541 2748 permeant,
599 2669 717 2730 nisi
774 2669 835 2729 in
891 2669 1236 2731 reflexione
1299 2670 1359 2732 ἃ
1421 2672 1813 2736 refractione.
1931 2675 2262 2741 Particulae
2317 2681 2715 2746 reflectentes

197 2791 273 2830 ea
339 2771 585 2833 actione
654 2770 973 2832 calefactae
1028 2770 1400 2833 calesacient
1466 2796 1685 2835 auram
1741 2775 2085 2839 aetheream
2140 2781 2238 2841 cui
2293 2782 2709 2864 implicantur.

204 2869 318 2931 Illa
349 2871 555 2934 calore
587 2873 705 2933 sibi
754 2873 1220 2933 communicato
1253 2873 1519 2944 rarefiet‚
1556 2874 1617 2936 ἃ
1649 2876 1732 2937 ob
1764 2877 2142 2941 diminutam
2175 2904 2251 2943 ea
2282 2883 2538 2947 raritate
2567 2902 2711 2969 gra·-

198 2972 459 3032 vitatem
510 2995 690 3033 suam
740 2973 1116 3054 specificam,
1166 2996 1293 3054 qua
1341 2975 1515 3055 prius
1565 2977 1871 3039 tendebat
1920 2980 1982 3040 in
2031 2981 2248 3056 solem,
2297 2986 2601 3049 ascendet
2651 2987 2712 3050 &

198 3091 412 3130 secum
445 3073 648 3152 rapiet
694 3072 1035 3153 particulas
1070 3074 1467 3136 reflectentes
1500 3099 1580 3137 ex
1613 3079 1843 3158 quibus
1875 3082 2079 3143 cauda
2109 3086 2512 3165 componitur
2539 3110 2550 3148 :
2600 3087 2711 3149 Ad

197 3192 531 3232 ascensum
577 3194 887 3252 vaporum
935 3173 1230 3235 conducit
1278 3175 1487 3248 etiam,
1523 3178 1695 3257 quod
1751 3177 1814 3239 hi
1859 3195 2169 3262 gyrantur
2208 3185 2370 3246 circa
2416 3186 2616 3249 solem
2651 3187 2712 3250 8ῑ

197 3292 274 3331 ea
303 3271 551 3333 actione
597 3286 905 3334 conantur
949 3296 987 3334 a
1031 3273 1166 3334 sole
1216 3275 1528 3349 recedere,
1564 3290 1630 3338 at
1677 3279 1828 3340 solis
1874 3284 2302 3365 atmosphaera
2344 3286 2405 3348 ἃ
2447 3289 2713 3351 materia

197 3368 501 3431 coelorum
550 3370 653 3432 vel
707 3371 896 3452 plane
950 3375 1231 3454 quiescit,
1281 3376 1384 3438 vel
1440 3392 1616 3440 motu
1671 3379 1809 3443 solo
1856 3405 2047 3464 quem
2103 3408 2141 3446 a
2193 3385 2343 3449 solis
2397 3391 2710 3452 rotatione

195 3473 509 3552 acceperit
555 3473 796 3535 tardius
848 3488 1125 3557 gyratur.
1249 3476 1377 3539 Hae
1431 3494 1580 3541 sunt
1632 3503 1841 3544 causae
1893 3507 2194 3549 ascensus
2249 3490 2593 3553 caudarum
2644 3492 2707 3552 in

195 3571 426 3632 vicinia
477 3571 644 3646 soliS,
693 3575 800 3636 ubi
854 3576 1040 3637 orbes
1094 3578 1416 3641 curviores
1470 3594 1633 3654 sunt,
1692 3582 1754 3644 ἆ
1807 3601 2074 3649 cornetae
2129 3588 2293 3651 intra
2343 3591 2705 3654 densiorem

197 3670 257 3733 ἃ
311 3694 387 3733 ea
440 3674 683 3736 ratione
741 3676 1103 3758 graviorem
1157 3677 1306 3741 solis
1367 3682 1861 3763 atmosphaeram
1923 3688 2291 3763 consistunt,
2350 3690 2412 3752 8c
2472 3692 2706 3754 caudas

195 3794 386 3854 quam
425 3772 830 3857 longissimas
878 3800 1029 3840 mox
1075 3779 1388 3843 emittunt.
1488 3781 1662 3844 Nam
1695 3785 1933 3860 caudae,
1968 3810 2113 3869 quae
2146 3780 2296 3852 tunc
2343 3805 2713 3869 nascuntur‚·
2789 3854 2796 3858 ,

194 3876 633 3937 conservando
682 3891 925 3939 motum
975 3901 1160 3940 suum
1209 3879 1270 3941 ἃ
1321 3881 1560 3945 interea
1606 3907 1829 3949 versus
1878 3888 2078 3951 solem
2123 3891 2522 3974 gravitando,
2570 3915 2703 3955 mo-
