2852 4250
0 1160 4 1162 '
23 1147 39 1178 'k

10 1284 73 1324 .;Υ

15 1466 46 1502 4,

8 1588 12 1617 1
37 1578 72 1621 ,‘

10 1936 53 2015 ’ἕ

20 2015 59 2067 ιιὲ.

18 2074 50 2108 [ι

23 2179 53 2200 '-

20 2207 31 2218 -1

29 2229 50 2252 ι,

1049 94 1287 143 LIBER
1326 95 1661 145 TERTIUS.
2438 122 2510 179 41
2526 123 2558 180 3

76 223 639 327 ·-¹·Londinensium
683 274 924 336 905751
985 258 1145 319 inter
1170 259 1533 319 Londz‘num
1578 259 1638 319 &
1680 261 2038 333 Eboracum,
2073 264 2133 324 &
2178 267 2564 329 observando

144 344 554 431 differentiam
600 341 995 443 latitudinum
1046 375 1077 414 2
1127 377 1216 435 gr.
1275 355 1374 414 28'
1418 354 1665 436 collegit
1716 378 2066 418 mensuram
2112 362 2340 440 gradus
2387 366 2566 423 unius

146 479 286 520 esse
307 456 539 536 pedum
572 452 1064 514 Londinensium
1098 457 1360 529 367196,
1394 452 1457 511 id
1487 465 1597 523 est,
1630 453 2104 532 hexapedarum,
2139 457 2567 520 Parisiensium

51 598 54 605 ·
153 571 373 635 57300·

271 651 568 712 Pz'cartus
595 647 1012 708 mensurando
1042 668 1251 707 arcum
1283 647 1514 728 gradus
1560 648 1740 708 unius
1773 649 1832 708 &
1865 648 1965 709 22'
1998 650 2114 727 55''
2146 652 2204 711 in
2237 653 2571 714 meridiano

148 749 310 812 inter
355 744 748 807 Ambz'anum
793 743 854 804 &
895 744 1360 815 Malvoz'sz'nam,
1395 744 1630 804 invenit
1673 767 1880 805 arcum
1924 747 2155 826 gradus
2206 749 2385 807 unius
2437 771 2573 809 esse

39 845 46 854 ’
116 843 611 929 ,11οΧ39οε13111111
647 841 1085 901 Parisiensium
1134 845 1354 917 57060.
1451 841 1742 901 cassinus
1785 844 1990 903 senior
2032 847 2409 905 mensuravit
2452 848 2572 906 dis-

149 941 407 1004 tantiam
439 939 500 999 in
530 937 872 998 meridiano
902 959 940 996 a
967 935 1115 996 villa
1149 937 1458 996 Collz'oure
1485 937 1545 996 in
1584 939 1936 998 Roussz'lz'on
1967 941 2046 999 ad
2091 942 2574 1003 observatorium

154 1039 500 1102 Parisiense
525 1061 537 1110 3
585 1036 646 1096 &
668 1034 829 1096 filius
860 1036 992 1115 ejus
1024 1034 1264 1094 addidit
1293 1036 1647 1095 distantiam
1678 1037 1756 1096 ab
1787 1038 2207 1098 observatorio
2238 1040 2315 1098 ad
2347 1053 2575 1109 turrem

150 1136 318 1197 urbis
347 1133 667 1195 Dunkz'rk.
763 1132 1079 1192 Distantia
1109 1144 1239 1192 tota
1283 1144 1415 1191 erat
1444 1132 1904 1211 hexapedarum
1942 1136 2238 1211 4861563,
2273 1136 2331 1195 81
2375 1138 2575 1198 differ-

152 1232 320 1294 entia
346 1229 741 1291 latitudinum
770 1227 935 1289 villae
973 1229 1280 1289 Collz‘oure
1308 1228 1367 1288 &
1397 1229 1564 1288 urbis
1600 1230 1904 1289 Dunkirk·
1933 1244 2063 1290 erat
2092 1233 2395 1311 graduum
2439 1248 2578 1295 octo

155 1328 216 1390 &
261 1348 294 1405 3
313 1325 366 1387 1'
403 1348 424 1386 1
446 1326 567 1391 13'2
682 1326 875 1387 Unde
919 1347 1096 1385 arcus
1141 1325 1373 1406 gradus
1425 1326 1605 1384 unius
1653 1326 1859 1403 prodit
1902 1326 2360 1405 hexapedarum
2413 1332 2577 1390 Pari-

153 1426 448 1488 siensium
482 1429 703 1501 57061.
798 1423 886 1482 Et
915 1444 994 1483 ex
1025 1423 1120 1482 his
1151 1423 1454 1482 mensuris
1500 1422 1806 1503 colligitur
1834 1425 2099 1483 ambitus
2130 1438 2309 1486 terrae
2353 1428 2581 1504 pedum

156 1523 593 1585 Parisiensium
648 1542 716 1581 12
727 1526 1032 1599 32496oo‚
1068 1520 1127 1580 &
1171 1522 1632 1581 semidiameter
1674 1522 1806 1601 ejus
1851 1522 2080 1600 pedum
2134 1528 2473 1601 19615800,
2506 1548 2583 1586 ex

155 1621 485 1702 hypothesi
517 1620 686 1700 quod
716 1632 880 1680 terra
909 1621 990 1679 sit
1019 1619 1336 1698 sphaerica„

273 1721 347 1780 In
390 1718 715 1780 latitudine
763 1720 1033 1779 Lutetia>
1070 1720 1470 1779 Parisiorum
1521 1741 1742 1797 0019115
1791 1741 1983 1799 grave
2035 1733 2315 1800 tempore
2367 1724 2583 1783 minuti

157 1820 337 1881 unius
383 1819 638 1880 secundi
691 1819 974 1880 cadendo
1018 1819 1310 1879 describit
1360 1820 1554 1898 pedes
1605 1821 1980 1881 Parisienses
2036 1839 2103 1898 15
2140 1824 2261 1903 dig.
2307 1845 2327 1882 1
2380 1824 2477 1887 lin.
2522 1826 2587 1889 1}

156 1931 227 1980 ut
281 1940 482 1998 supra,
545 1918 607 1978 id
666 1931 776 1989 est,
830 1917 1025 1979 lineas
1089 1918 1299 1995 21735.
1423 1919 1674 1979 Pondus
1734 1921 2006 1997 corporis
2065 1921 2422 1982 diminuitur
2477 1946 2588 2003 per

82 2079 86 2082 ,
157 2016 402 2097 pondus
433 2017 591 2076 aeris
635 2015 980 2076 ambientis,
1082 2016 1393 2076 Ponamus
1424 2017 1668 2095 pondus
1700 2018 1992 2076 amissum
2025 2040 2161 2078 esse
2196 2033 2433 2097 partem
2478 2043 2586 2080 un-

159 2117 463 2178 decimam
507 2115 895 2177 millesimam
927 2116 1219 2196 ponderis
1267 2117 1472 2189 totiuS‚
1509 2116 1568 2175 &
1613 2138 1832 2194 corpus
1878 2115 2024 2175 illud
2067 2139 2259 2196 grave
2310 2119 2587 2180 cadendo

114 2224 116 2226 ’
159 2215 222 2276 in
251 2237 449 2276 vacuo
493 2215 804 2276 describet
846 2213 1235 2275 altitudinem
1281 2214 1581 2275 linearum
1631 2231 1791 2291 2174
1828 2227 2103 2293 tempore
2149 2216 2363 2275 minuti
2408 2218 2586 2276 unius

161 2315 432 2377 secundi.

277 2413 521 2492 Corpus
552 2412 613 2472 in
645 2411 869 2473 circulo
900 2413 980 2472 ad
1011 2413 1367 2472 distantiam
1400 2412 1628 2491 pedum
1668 2414 1991 2487 19615800
2021 2434 2057 2471 3
2087 2426 2308 2484 centro,
2334 2414 2589 2494 singulis

162 2511 382 2572 diebus
432 2509 687 2570 sidereis
739 2510 1028 2570 horarum
1081 2531 1173 2587 23.
1222 2510 1321 2587 56'
1365 2510 1445 2585 4¹²
1496 2509 1879 2569 uniformiter
1922 2507 2263 2581 revolvem,
2313 2523 2589 2589 tempore

166 2614 383 2676 minuti
435 2615 617 2674 unius
675 2613 930 2673 secundi
979 2612 1285 2673 describet
1337 2633 1544 2671 arcum
1593 2610 1820 2689 pedum
1882 2616 2155 2687 1433‚46,
2206 2612 2375 2690 cujus
2422 2613 2591 2670 sinus

165 2733 383 2774 versus
431 2724 527 2772 est
576 2711 808 2791 pedum
859 2729 1039 2788 0,052
1052 2716 1229 2788 3656,
1276 2731 1385 2769 seu
1437 2708 1733 2768 linearum
1786 2713 2059 2783 7,54064.
2157 2709 2430 2787 Ideoque
2480 2711 2590 2780 vis,

168 2832 291 2891 qua
317 2810 535 2891 gravia
574 2808 962 2869 descendunt
993 2809 1053 2868 in
1098 2807 1421 2868 latitudine
1464 2806 1743 2877 laetam,
1776 2818 1871 2864 est
1913 2806 1992 2864 ad
2023 2806 2149 2864 vim
2194 2807 2594 2886 centrifugam

169 2929 494 2988 corporum
540 2908 602 2967 in
647 2919 963 2987 aequatore
1007 2928 1045 2966 a
1089 2919 1268 2966 terrae
1321 2918 1492 2965 motu
1545 2904 1765 2963 diurno
1817 2902 2155 2974 oriundam,
2188 2916 2256 2963 ut
2310 2921 2471 2981 2174
2514 2905 2593 2964 ad

40 3015 73 3062 ’-
129 3044 132 3048 <
177 3011 455 3084 7254064·

284 3103 401 3164 Vis
445 3102 791 3183 centrifuga
848 3123 1175 3181 corporum
1229 3101 1289 3160 in
1338 3111 1652 3178 aequatore
1699 3111 1878 3159 terrae
1925 3112 2021 3160 est
2077 3100 2155 3159 ad
2208 3101 2335 3160 vim
2387 3101 2601 3160 centri-

171 3199 403 3281 fugam,
458 3222 583 3280 qua
632 3221 892 3279 corpora
943 3200 1175 3259 directe
1233 3198 1498 3258 tendunt
1544 3218 1581 3255 a
1639 3209 1800 3256 terra
1859 3198 1920 3257 in
1978 3197 2300 3258 latitudine
2343 3199 2605 3257 Lutetz'ae

173 3297 478 3378 graduum
523 3300 619 3374 48.
670 3297 769 3374 50'
822 3294 951 3367 10'',
1000 3297 1061 3355 in
1109 3293 1421 3374 duplicata
1472 3294 1706 3353 ratione
1753 3295 1903 3354 radii
1951 3295 2030 3354 ad
2082 3295 2282 3354 sinum
2335 3293 2597 3372 comple-

177 3395 369 3455 menti
411 3394 753 3455 latitudinis
799 3393 977 3468 illius,
1021 3394 1083 3453 id
1135 3406 1245 3464 est,
1293 3406 1361 3452 ut
1418 3396 1679 3468 7‚54064
1723 3391 1802 3449 ad
1851 3397 2044 3468 3,267.
2134 3391 2424 3450 Addatur
2472 3391 2603 3449 haec

176 3491 272 3551 vis
302 3492 382 3552 ad
412 3493 540 3552 vim
572 3514 696 3573 qua
724 3492 942 3573 gravia
971 3491 1358 3551 descendunt
1388 3490 1449 3548 in
1480 3487 1803 3548 latitudine
1848 3488 1948 3547 illa
1977 3489 2248 3557 Lutetia
2284 3488 2342 3546 &
2386 3507 2602 3564 corpus

179 3588 242 3648 in
284 3587 610 3650 latitudine
662 3589 778 3661 illa,
810 3590 873 3649 vi
934 3602 1067 3649 tota
1122 3588 1445 3669 gravitatis
1505 3586 1799 3655 cadendo,
1847 3598 2123 3663 tempore
2167 3583 2382 3642 minuti⁴
2424 3583 2599 3640 unius

182 3687 435 3747 secundi
483 3687 792 3748 describet
837 3686 1032 3746 lineas
1084 3690 1390 3762 2177‚267
1450 3705 1560 3743 seu
1611 3683 1805 3761 pedes
1856 3682 2226 3740 Parisienses
2279 3696 2345 3754 15
2393 3678 2514 3757 dig.
2573 3699 2593 3736 1

186 3781 247 3843 &
291 3781 393 3845 lin.
450 3789 645 3862 5,267.
741 3784 830 3844 Et
874 3783 970 3843 vis
1018 3794 1150 3844 tota
1198 3781 1521 3863 gravitatis
1571 3780 1631 3839 in
1679 3778 2000 3839 latitudine
2051 3775 2150 3835 illa
2200 3776 2314 3835 erit
2355 3774 2434 3834 ad
2478 3775 2603 3834 vim
