2846 4224
1093 129 1678 180 DEFINITIONES„

982 386 1627 448 DEFINITIO
1716 389 1799 450 V.

178 570 240 631 V
233 569 287 630 is
313 568 638 648 centrz'peta
678 574 780 640 est,
825 587 949 646 qua
993 575 1247 646 corpora
1288 589 1497 627 versus
1525 576 1831 647 punctum
1875 570 2138 650 aliquod,
2187 581 2483 653 tanquam
2526 577 2614 635 ad

279 690 569 756 centrum,
602 680 871 761 undique
897 679 1260 754 trahuntur,
1295 680 1722 759 impelluntur,
1756 683 1852 741 vel
1876 691 2179 764 utcunque
2205 686 2475 747 tendunt.

283 877 490 958 Hujus
547 875 794 957 generis
852 887 949 936 est
1003 873 1293 955 gravitas
1356 895 1481 953 qua
1549 896 1808 955 corpora
1868 878 2134 938 tendunt
2191 879 2271 939 ad
2332 894 2610 941 centrum

167 987 379 1047 terrae;
424 975 520 1035 vis
551 974 914 1056 magnetica,
947 995 1072 1053 qua
1114 972 1343 1033 sermm
1388 973 1546 1052 petit
1590 988 1983 1055 magnetem;
2033 977 2092 1036 δε
2138 977 2232 1037 vis
2280 977 2394 1049 illa,
2443 1001 2609 1058 quae-

165 1096 408 1155 cunque
457 1075 552 1145 sit,
599 1095 723 1154 qua
766 1071 1034 1153 planetae
1078 1084 1380 1151 perpetuo
1426 1071 1820 1132 retrahuntur
1862 1095 1901 1132 a
1945 1075 2213 1135 motibus
2261 1075 2610 1148 rectilinei&

169 1173 230 1234 &
286 1173 347 1233 in
392 1170 568 1232 lineis
613 1171 816 1231 curvis
861 1167 1097 1231 revolvi
1143 1182 1462 1250 coguntur.
1588 1170 1794 1250 Lapis,
1844 1172 1905 1231 in
1957 1173 2150 1233 funda
2194 1174 2611 1246 circumactuS‚

167 1293 206 1332 a
233 1271 687 1351 circumagente
735 1290 922 1329 manu
969 1267 1140 1328 abire
1187 1280 1476 1340 conatur;
1524 1267 1584 1328 &
1615 1282 1837 1329 conatu
1869 1292 1983 1332 suo
2013 1271 2269 1332 fundam
2300 1274 2612 1345 distendit,

168 1390 368 1450 eoque
424 1367 641 1429 fortius
700 1390 826 1448 quo
877 1365 1133 1427 celerius
1182 1364 1555 1439 revolvitur;
1631 1366 1706 1438 ἃ,
1762 1370 2219 1451 quamprimum
2272 1371 2612 1443 dimittitur,

170 1466 393 1529 avolat.
486 1467 634 1526 Vim
679 1467 924 1528 conatui
971 1464 1053 1525 illi
1099 1466 1484 1536 contrariam,
1532 1487 1657 1546 qua
1700 1466 1895 1526 funda
1939 1466 2209 1547 lapidem
2257 1469 2317 1528 in
2364 1491 2615 1529 manum

172 1579 473 1647 perpetuo
524 1565 779 1626 retrahit
823 1565 885 1626 ἃ
929 1566 990 1624 in
1035 1564 1186 1624 orbe
1237 1563 1476 1634 retinet,
1525 1565 1819 1644 quoniam
1867 1565 1927 1624 in
1982 1588 2234 1626 manum
2287 1589 2399 1627 ceu
2451 1567 2617 1628 orbis

172 1678 450 1725 centrum
495 1663 792 1745 dirigitur,
826 1664 1231 1744 centripetam
1277 1662 1538 1743 appello.
1665 1664 1753 1724 Et
1796 1686 1910 1744 par
1953 1679 2048 1726 est
2093 1667 2248 1727 ratio
2293 1689 2618 1747 corporum

172 1763 463 1835 omnium,
518 1785 660 1843 quae
720 1762 780 1822 in
838 1784 1062 1844 gyrum
1122 1777 1405 1844 aguntur.
1529 1762 1852 1823 Conantur
1901 1786 1976 1825 ea
2034 1766 2242 1826 omnia
2300 1789 2338 1826 a
2396 1768 2620 1827 centris

173 1862 414 1923 orbium
467 1861 788 1933 recedere;
865 1861 925 1922 8ῑ
992 1861 1107 1921 nisi
1167 1861 1330 1921 adsit
1387 1861 1483 1921 vis
1549 1860 1756 1941 aliqua
1821 1864 2066 1923 conatui
2135 1863 2233 1924 isti
2301 1866 2619 1937 contraria,

177 1982 300 2042 qua
329 1960 734 2022 cohibeantur
764 1960 824 2021 &
856 1961 916 2020 in
957 1961 1209 2021 orbibus
1252 1961 1645 2032 retineantur,
1680 1982 1993 2041 quamque
2036 1963 2176 2024 ideo
2217 1964 2621 2043 centripetam

176 2059 438 2141 appe110‚
500 2061 760 2122 abibunt
812 2062 872 2121 in
934 2062 1114 2122 rectis
1173 2060 1350 2122 lineis
1409 2061 1697 2122 uniformi
1767 2081 1907 2119 cum
1967 2074 2154 2122 motu.
2284 2060 2620 2143 Projectile‚

178 2161 229 2220 si
288 2161 351 2220 vi
408 2160 732 2241 gravitatis
783 2160 1235 2232 destitueretur,
1298 2182 1422 2221 non
1481 2160 1918 2220 deflecteretur
1976 2160 2036 2219 in
2098 2173 2340 2232 terram,
2395 2160 2506 2220 sed
2560 2160 2620 2219 in

175 2258 338 2319 linea
389 2272 556 2319 recta
606 2259 804 2319 abiret
863 2260 923 2319 in
984 2257 1207 2331 coelos;
1284 2258 1472 2338 idque
1530 2258 1817 2319 uniformi
1877 2280 2016 2318 cum
2076 2271 2263 2329 motu,
2325 2258 2376 2318 si
2436 2257 2625 2318 modo

173 2358 332 2419 aeris
378 2357 725 2417 resistentia
769 2355 1098 2418 tolleretur.
1195 2357 1314 2418 Per
1354 2357 1727 2438 gravitatem
1772 2378 1948 2428 suam
1994 2357 2321 2416 retrahitur
2364 2378 2401 2416 a
2445 2378 2623 2416 cursu

179 2453 493 2516 rectilineo
553 2454 614 2515 &
672 2454 738 2514 in'
786 2467 1013 2514 terram
1071 2468 1374 2535 perpetuo
1427 2455 1704 2526 flectitur,
1761 2455 1950 2535 idque
2003 2455 2201 2536 magis
2260 2452 2360 2515 vel
2422 2455 2625 2513 minus

180 2575 294 2635 pro
321 2554 629 2636 gravitate
659 2574 772 2613 sua
804 2552 862 2613 &
893 2551 1221 2614 velocitate
1252 2566 1473 2614 motus,
1567 2553 1714 2631 Quo
1746 2554 1948 2614 minor
1975 2553 2159 2613 fuerit
2188 2553 2321 2634 ejus
2350 2553 2626 2634 gravitas

179 2673 294 2733 pro
344 2652 688 2733 quantitate
739 2651 1030 2723 materiae,
1084 2651 1184 2712 vel
1239 2653 1436 2734 major
1485 2651 1781 2714 velocitas
1841 2673 2107 2732 quacum
2159 2652 2489 2732 projicitur,
2551 2673 2627 2711 eo

180 2751 383 2812 minus
413 2751 690 2812 deviabit
718 2772 757 2811 a
785 2773 966 2811 cursu
1008 2749 1322 2812 rectilineo
1355 2751 1415 2811 &
1444 2750 1689 2833 longius
1720 2763 1954 2832 perget.
2075 2750 2144 2810 Si
2174 2749 2397 2831 globus
2429 2748 2625 2829 plum-

183 2849 352 2921 beuS,
399 2849 547 2910 data
604 2871 744 2910 cum
788 2848 1117 2910 velocitate
1168 2850 1510 2911 secundum
1556 2850 1781 2911 lineam
1830 2848 2274 2910 horizontalem
2319 2871 2357 2909 a
2401 2851 2628 2910 montis

182 2947 436 3031 alicujus
480 2949 712 3010 vertice
755 2949 818 3009 vi
863 2947 1135 3028 pulveris
1195 2949 1574 3010 tormentarii
1628 2950 1953 3030 projectuS,
2000 2961 2289 3030 pergeret
2348 2949 2408 3007 in
2468 2946 2630 3008 linea

183 3068 373 3108 curva
422 3047 502 3108 ad
547 3047 904 3108 distantiam
951 3047 1215 3108 duorum
1269 3047 1632 3119 milliarium,
1680 3048 2039 3127 priusquam
2087 3047 2147 3106 in
2194 3059 2420 3107 terram
2465 3046 2626 3106 deci-

185 3145 399 3207 deret:
474 3146 572 3206 hic
623 3145 814 3226 dupla
864 3168 1003 3206 cum
1062 3145 1392 3207 velocitate
1451 3147 1628 3227 quasi
1673 3145 1865 3226 duplo
1917 3144 2162 3226 longius
2213 3157 2514 3225 pergeret,
2570 3143 2630 3203 &

108 3283 111 3285 -
184 3243 447 3325 decupla
496 3266 636 3305 cum
687 3244 1015 3307 velocitate
1067 3246 1242 3326 quasi
1295 3244 1559 3326 decuplo
1603 3244 1889 3327 longius:
1951 3244 2002 3303 si
2048 3243 2237 3304 modo
2280 3243 2439 3302 aeris
2484 3242 2628 3301 resi-

184 3345 409 3405 stentia
438 3342 767 3406 tolleretur.
891 3345 979 3405 Et
1007 3345 1298 3427 augendo
1341 3344 1734 3406 velocitatem
1779 3343 1991 3425 augeri
2037 3354 2250 3421 posset
2293 3362 2405 3420 pro
2435 3338 2629 3400 lubitu

187 3443 480 3504 distantia
524 3444 585 3504 in
629 3466 818 3524 quam
862 3445 1276 3525 projiceretur,
1326 3444 1386 3505 &
1444 3444 1636 3504 minui
1682 3455 2010 3504 curvatura
2053 3439 2232 3500 lineae
2278 3461 2465 3519 quam
2524 3438 2629 3498 de-

189 3542 496 3614 scriberet,
551 3542 637 3602 ita
679 3555 749 3602 ut
791 3542 1045 3603 tandem
1089 3543 1340 3605 caderet
1382 3544 1463 3604 ad
1507 3543 1867 3604 distantiam
1910 3540 2217 3622 graduum
2269 3538 2486 3598 decem
2530 3535 2629 3597 vel

190 3639 443 3721 triginta
497 3638 600 3701 vel
658 3641 1029 3723 nonaginta;
1103 3641 1204 3703 vel
1264 3643 1451 3703 etiam
1510 3655 1579 3703 ut
1637 3655 1863 3702 terram
1932 3651 2126 3700 totam
2186 3637 2466 3718 circuiret
2531 3632 2631 3694 vel

195 3737 465 3818 denique
522 3752 592 3799 ut
636 3739 697 3799 in
742 3738 932 3802 coelos
977 3741 1189 3812 abiret,
1225 3741 1286 3801 &
1330 3753 1501 3802 motu
1547 3741 1817 3801 abeundi
1866 3749 2155 3819 pergeret
2199 3736 2259 3794 in
2307 3733 2625 3793 infinitum.

199 3835 287 3896 Et
315 3836 536 3913 eadem
568 3838 818 3909 ratione,
851 3861 975 3918 qua
1004 3838 1321 3921 projectile
1352 3840 1414 3899 vi
1444 3840 1767 3921 gravitatis
1800 3839 1860 3898 in
1892 3836 2107 3897 orbem
2140 3833 2299 3892 flecti
2331 3842 2542 3910 posset
2572 3828 2632 3888 &
