2852 4250
907 93 913 100 ’
968 92 973 95 ’
1054 92 1291 140 LIBER
1330 92 1662 144 TERTIUS.

2456 122 2579 180 431

74 241 690 336 .‘··3P'K><TK
766 306 779 319 .
1669 265 1722 320 ‘.
2396 277 2399 281 ,

70 333 101 379 22
155 325 238 377 ,ut
276 340 678 413 Ὕλῃ-
698 355 715 382 ,
763 305 826 366 1d
871 318 984 381 est,
1024 319 1094 366 ut
1121 307 1190 366 E
1205 308 1264 367 L
1291 333 1315 378 ‚·
1360 306 1420 367 Sc
1450 322 1802 387 composste,
1836 332 1978 370 area
2021 324 2151 372 tota
2185 314 2244 373 G
2267 315 2321 374 C
2337 317 2415 374 K
2426 318 2494 375 F
2520 331 2590 378 ut

60 458 86 490 w
122 465 128 469 ·
159 458 406 500 summa
450 437 727 498 omnium
758 437 980 497 virium
1010 439 1079 497 E
1093 438 1153 497 L
1187 450 1466 516 tempore
1497 450 1629 498 toto
1658 439 1713 498 C
1723 440 1787 498 Ρ
1809 439 2243 519 impressarum
2275 444 2335 502 in
2364 443 2586 517 lunam,

0 568 1 571 ¹
160 549 354 616 atque
404 535 545 595 ideo
575 535 763 595 etiam
793 548 861 595 ut
889 534 1185 595 velocitas
1216 535 1331 595 hac
1382 557 1624 595 summa
1652 537 1878 617 genita,
1913 538 1974 597 id
1999 519 2108 610 est,
2142 552 2210 599 ut
2239 541 2592 604 acceleratio
2680 514 2683 518 -

47 635 73 674 s
166 633 594 713 descriptionis
665 654 827 694 areae
892 634 948 693 C
973 634 1035 692 T
1042 633 1118 703 Ρ,
1179 654 1290 692 seu
1342 632 1787 693 incrementum
1845 636 2157 695 momenti.
2277 637 2405 709 Vis,
2474 661 2595 718 qua

167 731 311 793 luna
353 730 512 791 circa
554 743 780 791 terram
812 730 1233 810 quiescentem
1264 729 1343 789 ad
1373 729 1729 790 distantiam
1774 732 1836 790 Τ
1843 733 1905 790 Ρ
1948 745 2226 811 tempore
2257 755 2368 794 suo
2398 736 2592 813 perio-

114 922 120 927 ·
166 833 306 894 dico
355 832 412 892 C
423 830 491 890 A
513 830 664 890 DB
693 829 932 889 dierum
989 844 1066 905 27
1129 827 1255 889 hor.
1322 845 1352 904 7
1404 828 1545 889 min.
1600 849 1677 906 43
1749 829 1983 891 revolvi
2045 845 2271 910 posset,
2325 833 2594 893 efficeret

22 931 38 966 ἶ
165 942 235 991 ut
276 949 498 1008 corpus
542 939 823 1006 tempore
873 928 930 987 C
954 927 1016 986 T
1049 926 1329 986 cadendo
1374 926 1748 988 describeret
1793 928 2240 1010 longitudinem
2284 931 2318 996 {—
2353 932 2407 992 C
2432 933 2494 991 T
2535 933 2594 992 &

165 1029 556 1094 velocitatem
607 1025 788 1087 simul
834 1027 1179 1107 acquireret
1225 1026 1529 1105 aequalem
1589 1026 1916 1099 velocitati,
1966 1050 2089 1108 qua
2134 1028 2279 1089 luna
2325 1031 2386 1090 in
2444 1033 2594 1091 orbe

18 1168 51 1211 ,Γ
166 1151 279 1192 5110
324 1139 623 1189 movetur.
721 1125 900 1185 Patet
943 1125 1060 1185 hoc
1105 1146 1217 1203 per
1260 1123 1439 1185 corol.
1491 1145 1528 1200 9
1574 1147 1744 1204 prop.
1796 1146 1858 1185 1v
1905 1125 2002 1188 lib.
2063 1148 2107 1187 1.
2202 1128 2358 1187 Cum
2390 1141 2594 1189 autem

18 1221 46 1263 3
167 1223 673 1310 perpendiculum
725 1223 867 1283 Καί
904 1224 964 1283 in
1026 1223 1088 1282 Τ
1094 1224 1157 1282 Ρ
1201 1222 1539 1282 demissum
1586 1223 1665 1282 sit
1711 1223 1903 1301 ipsius
1944 1225 2011 1282 E
2028 1225 2084 1282 L
2133 1245 2274 1302 pars
2306 1226 2486 1285 tertia
2532 1226 2591 1284 δε

168 1325 358 1406 ipsius
402 1323 464 1383 Τ
472 1324 534 1382 Ρ
562 1332 671 1383 seu
703 1322 863 1382 ML
899 1321 959 1381 in
979 1320 1331 1382 octantibus
1356 1341 1499 1398 pars
1523 1319 1793 1390 dimidia,
1824 1320 1919 1380 vis
1956 1322 2023 1380 E
2039 1321 2097 1379 L
2133 1321 2194 1379 in
2232 1321 2594 1394 octantibUS,

169 1423 273 1484 ubi
305 1421 574 1482 maxima
603 1432 713 1491 est,
751 1419 1070 1503 superabit
1105 1418 1234 1478 vim
1266 1418 1426 1477 ML
1464 1418 1523 1476 in
1557 1418 1793 1477 ratione
1821 1438 1853 1494 3
1887 1417 1965 1476 ad
2002 1438 2051 1487 2,
2086 1417 2349 1495 ideoque
2373 1417 2487 1476 erit
2516 1418 2595 1476 ad

169 1522 295 1583 vim
347 1518 528 1591 illam,
575 1540 699 1599 qua
742 1517 889 1578 luna
932 1531 1214 1596 tempore
1258 1538 1371 1576 suo
1402 1515 1714 1594 periodico
1745 1514 1902 1574 circa
1932 1526 2155 1572 terram
2187 1514 2600 1591 quiescentem

170 1617 404 1681 revolvi
451 1628 680 1697 posset,
742 1629 810 1676 ut
877 1636 992 1676 100
1051 1615 1130 1675 ad
1189 1615 1552 1690 ἓκ17872ὲ
1599 1634 1707 1673 seu
1771 1629 1983 1688 11915,
2032 1611 2092 1671 Sc
2138 1623 2415 1690 tempore
2470 1612 2609 1670 CT

169 1717 561 1780 velocitatem
591 1735 891 1796 generare
935 1714 1195 1774 deberet
1234 1733 1375 1791 quae
1407 1723 1575 1771 esset
1605 1731 1746 1789 pars
1776 1709 1944 1775 ῑ-ἷθῇ
1968 1708 2312 1769 velocitatis
2356 1707 2597 1779 lunariS,

171 1830 449 1896 tempore
493 1827 701 1874 autem
753 1813 810 1874 C
820 1813 967 1872 PA
1006 1810 1399 1872 velocitatem
1433 1809 1728 1888 majorem
1751 1820 2076 1888 generaret
2107 1807 2166 1866 in
2199 1807 2432 1866 ratione
2461 1806 2516 1865 C
2529 1807 2594 1864 Α

170 1915 250 1976 ad
287 1915 343 1975 C
367 1914 429 1974 T
448 1934 557 1974 seu
601 1913 663 1972 T
670 1913 746 1972 Ρ.
804 1911 1175 1990 Exponatur
1204 1909 1298 1968 vis
1331 1908 1599 1967 maxima
1628 1908 1695 1965 E
1711 1907 1769 1965 L
1805 1906 1864 1964 in
1886 1905 2230 1966 octantibus
2261 1926 2371 1983 per
2399 1925 2602 1963 aream

170 2017 239 2078 F
265 2016 346 2076 K
362 2035 401 2075 ><
423 2015 503 2075 K
513 2015 555 2075 k
584 2011 943 2094 rectangulo
991 2012 1024 2077 ὲ
1056 2011 1188 2070 ΤΡ
1212 2030 1250 2069 ><
1274 2010 1336 2068 Ρ
1350 2016 1402 2087 p
1434 2005 1752 2086 aequalem.
1834 2006 1934 2064 «Et
1952 2004 2259 2074 velocitaS,
2293 2025 2477 2082 quam
2508 2004 2601 2062 vis

168 2115 439 2176 maxima
490 2126 770 2192 ternpore
818 2111 1041 2191 quovis
1095 2109 1150 2169 C
1163 2110 1225 2168 Ρ
1280 2127 1579 2188 generare
1629 2116 1853 2184 posset,
1908 2102 2023 2162 erit
2079 2101 2158 2160 ad
2210 2099 2598 2160 velocitatem

172 2235 359 2295 quam
406 2213 502 2273 vis
550 2211 751 2272 omnis
798 2210 999 2271 minor
1027 2210 1095 2268 E
1112 2208 1169 2267 L
1205 2206 1427 2267 eodem
1459 2217 1737 2282 tempore
1766 2213 2036 2282 generat,
2084 2211 2151 2258 ut
2182 2195 2600 2277 rectangulum

173 2313 207 2380 ὲ
236 2313 373 2373 ΤΡ
396 2332 435 2372 ><
463 2311 520 2371 C
531 2311 594 2371 Ρ
622 2309 703 2370 ad
735 2330 945 2369 aream
992 2308 1071 2366 K
1089 2308 1144 2367 C
1164 2307 1222 2366 G
1244 2306 1312 2363 F
1326 2330 1344 2365 .·
1375 2318 1654 2381 tempore
1698 2312 1903 2359 autem
1949 2309 2079 2357 toto
2116 2296 2170 2355 C
2182 2295 2327 2354 ΡΑ
2378 2291 2596 2352 veloci-

173 2424 332 2473 tates
350 2409 579 2491 genitae
610 2419 791 2468 erunt
813 2407 893 2467 ad
926 2406 1189 2466 invicem
1221 2415 1289 2463 ut
1320 2398 1741 2481 rectangulum
1772 2398 1805 2462 ὲ
1836 2397 1966 2483 ΤΡ
1988 2415 2027 2454 ><
2056 2394 2110 2453 C
2134 2394 2199 2452 Α
2231 2392 2290 2452 81
2334 2391 2601 2471 triangu-

172 2508 300 2570 lum
358 2507 488 2568 TC
506 2506 580 2577 G,
627 2506 760 2566 sive
805 2518 873 2565 ut
917 2525 1093 2564 arcus
1138 2497 1555 2581 quadrantalis
1592 2497 1725 2556 CA
1758 2494 1816 2555 81
1847 2493 2049 2553 radius
2092 2491 2234 2550 ΤΡ.
2329 2487 2603 2565 Ideoque

183 2607 320 2690 (per
361 2620 533 2685 prop.
586 2623 652 2663 IX
698 2602 796 2665 lib.
831 2623 870 2661 V
916 2600 1123 2681 elem.)
1173 2597 1467 2659 velocitas
1515 2593 1830 2674 posterior,
1878 2603 2010 2650 toto
2061 2602 2337 2666 tempore
2380 2584 2601 2665 genita,

175 2707 291 2769 erit
342 2727 486 2786 pars
515 2703 685 2770 ῑιῑὲοῑῑ
714 2702 1060 2764 velocitatis
1108 2699 1286 2760 lunae.
1402 2696 1569 2756 Huic
1617 2694 1776 2753 lunae
1849 2690 2172 2759 velocitati,
2234 2710 2372 2767 quae
2445 2708 2604 2746 areae

179 2817 494 2867 momento
540 2803 834 2864 mediocri
880 2799 1145 2881 analoga
1168 2811 1278 2867 est,
1312 2796 1576 2855 addatur
1606 2792 1665 2852 &
1696 2790 2003 2851 auferatur
2032 2787 2351 2847 dimidium
2384 2783 2604 2844 veloci-

177 2905 321 2967 tatis
368 2901 654 2974 alterius;
703 2901 763 2962 &
807 2901 858 2960 si
908 2909 1294 2959 momentum
1355 2892 1662 2952 mediocre
1710 2900 2054 2967 exponatur
2119 2907 2230 2964 per
2288 2902 2606 2942 numerum

21 2990 24 2995 ⁶
127 3043 130 3046 -
189 3023 210 3062 1
231 3019 404 3079 1915,
430 3021 676 3060 summa
730 3021 750 3059 1
773 3016 926 3076 1915
947 3011 999 3064 «1-
1023 3015 1101 3073 56
1136 3015 1245 3054 seu
1288 3013 1307 3051 1
1330 2995 1481 3066 1965
1517 2986 1832 3048 exhibebit
1862 2995 2242 3044 momentum
2274 2979 2607 3039 maximum

177 3088 339 3160 areae
391 3098 740 3180 insyzgyia
798 3097 888 3167 A,
938 3116 1010 3155 ac
1063 3090 1413 3152 differentia
1480 3101 1847 3161 11915-56
1904 3103 2015 3141 seu
2084 3081 2276 3154 11865
2333 3075 2607 3156 ejusdem

180 3209 562 3258 momentum
662 3195 986 3255 minimum
1086 3192 1148 3251 in
1229 3184 1636 3269 quadraturis,
1759 3181 1957 3261 Igitur
2012 3198 2171 3237 areae
2230 3172 2606 3251 temporibus

99 3298 110 3305 ’
180 3294 520 3376 aequalibus
573 3296 634 3355 in
679 3293 906 3375 syzgiis
953 3291 1013 3352 ἃ
1057 3286 1446 3369 quadraturis
1495 3282 1819 3359 descriptae
1878 3287 2022 3335 sunt
2091 3272 2170 3332 ad
2217 3270 2476 3329 invicem
2542 3279 2609 3325 ut

190 3400 384 3472 11965
418 3394 499 3454 ad
539 3415 559 3453 1
583 3397 755 3470 1865.
871 3390 979 3450 Ad
1026 3399 1411 3448 momentum
1457 3381 1776 3441 minimum
1818 3397 1837 3435 1
1860 3377 2010 3449 1865
2045 3370 2307 3430 addatur
2335 3385 2604 3425 momen·
2638 3387 2643 3391 ·

180 3507 327 3565 tum,
374 3493 543 3573 quod
574 3492 654 3552 sit
682 3491 763 3551 ad
796 3499 1250 3549 momentorum
1288 3478 1696 3541 differentiam
1737 3494 1851 3535 100
1880 3485 1948 3531 ut
1977 3467 2308 3547 trapezium
2338 3462 2481 3522 FK
2489 3462 2543 3520 C
2551 3460 2609 3519 G

182 3591 262 3652 ad
293 3589 668 3672 triangulum
713 3589 775 3648 T
790 3588 846 3648 C
865 3586 924 3646 G
960 3582 1083 3665 (vel
1115 3581 1285 3662 quod
1316 3576 1574 3658 perinde
1604 3587 1714 3644 est,
1747 3585 1815 3631 ut
1845 3567 2211 3648 quadratum
2253 3561 2420 3620 sinus
2466 3557 2614 3615 PK

181 3689 262 3749 ad
292 3689 706 3769 quadrantum
752 3685 904 3746 radii
949 3683 1011 3742 T
1018 3683 1095 3752 Ρ,
1130 3680 1191 3740 id
1223 3691 1331 3748 est,
1365 3689 1433 3735 ut
1476 3674 1602 3734 Pd
1624 3671 1703 3731 ad
1747 3671 1808 3729 Τ
1815 3668 1898 3747 Ρ)
1937 3664 1996 3724 81
2024 3680 2263 3722 summa
2292 3653 2607 3716 exhibebit

184 3799 567 3848 momentum
597 3806 775 3855 areae,
801 3782 906 3843 ubi
937 3779 1082 3840 luna
1113 3790 1208 3838 est
1239 3777 1300 3836 in
1330 3773 1465 3835 loco
1497 3770 1719 3851 quovis
1745 3759 2106 3826 intermedio
2128 3758 2202 3817 P.
