2820 4224
168 133 278 195 xiv
994 126 1044 175 A
1061 125 1386 177 UCTORJS
1415 122 1699 174 PRAEFA
1710 121 1852 173 TIO.

165 325 303 386 quae
344 303 436 364 ad
471 308 673 363 motus
714 316 1101 380 quoscunque
1142 292 1584 376 requiruntur,
1629 297 1916 352 accurate
1940 288 2272 371 proposita
2314 311 2388 352 ac
2427 289 2671 353 demon-

168 413 390 468 strata.
483 404 659 463 Pars
714 399 838 460 haec
897 395 1280 459 mechanicae
1327 417 1369 456 a
1421 393 1723 455 veteribus
1780 392 1851 453 in
1903 389 2206 472 potentiis
2255 389 2540 472 quinque
2590 390 2683 452 ad

167 513 334 567 artes
363 488 684 565 manuales
710 497 1121 581 spectantibus
1149 496 1388 558 exculta
1416 493 1581 574 fuit,
1613 492 1731 575 qui
1757 489 2144 574 gravitatem
2187 494 2364 567 (cum
2384 491 2675 571 potentia

169 604 491 667 manualis
535 623 661 664 non
705 599 824 675 sit)
871 597 982 659 vix
1022 596 1216 658 aliter
1259 616 1451 677 quam
1493 593 1564 655 in
1596 591 1983 674 ponderibus
2009 597 2138 670 per
2162 590 2482 670 potentias
2524 591 2677 652 illas

170 704 478 767 movendis
505 699 992 764 considerarunt.
1085 696 1229 757 Nos
1271 702 1477 756 autem
1517 715 1642 755 non
1681 692 1930 753 artibus
1966 691 2074 752 sed
2090 689 2505 771 philosophiae
2538 712 2673 752 con-

167 807 446 881 sulentes,
495 803 680 884 deque
708 797 1009 880 potentiis
1043 818 1167 858 non
1208 794 1610 856 manualibus
1642 791 1750 854 sed
1794 789 2201 852 naturalibus
2238 789 2574 863 scribentes,
2605 811 2676 851 ea

170 906 439 968 maxime
494 909 853 971 tractamus,
915 918 1055 979 quae
1123 895 1215 957 ad
1269 894 1671 977 gravitatem,
1735 891 2059 961 levitatem,
2137 889 2267 950 vim
2339 890 2671 963 elasticam‚

168 1005 577 1068 resistentiam
600 1000 965 1084 fluidorum
1014 998 1096 1063 ὅς’
1124 994 1426 1077 ejusmodi
1450 994 1612 1055 vires
1638 1014 1741 1054 seu
1770 990 2143 1053 attractivas
2170 1011 2273 1051 seu
2304 990 2677 1071 impulsivas

166 1114 440 1190 spectant
460 1133 479 1168 .·
529 1105 627 1165 Et
675 1124 744 1163 ea
780 1107 1062 1181 propter,
1116 1096 1239 1156 haec
1260 1128 1267 1134 ·
1291 1102 1509 1156 nostra
1562 1101 1866 1175 tanquam
1900 1091 2314 1173 philosophia*
2340 1091 2675 1173 principia

168 1205 597 1287 mathematica
631 1199 1062 1283 proponimus.
1162 1195 1387 1258 Omnis
1433 1195 1597 1256 enim
1634 1193 2047 1275 philosophia·
2095 1191 2437 1272 difficultas
2487 1192 2560 1254 in
2610 1214 2674 1254 eo

165 1307 411 1369 versari
447 1304 709 1375 videtur,
743 1309 819 1362 ut
855 1322 896 1361 a
921 1297 1343 1380 phaenomenis
1386 1303 1668 1357 motuum
1721 1294 2153 1375 investigemus
2199 1293 2363 1354 vires
2401 1299 2669 1366 naturae‚

164 1407 379 1469 deinde
431 1406 507 1466 ab
563 1404 662 1465 his
719 1400 960 1463 viribus
1016 1398 1497 1459 demonstremus
1539 1395 1950 1476 phaenomena
2013 1393 2275 1475 reliqua.
2398 1394 2470 1454 E
2469 1400 2498 1454 t
2552 1393 2673 1455 huc

161 1515 434 1589 spectant
461 1502 912 1587 propositiones
945 1499 1278 1581 generales,
1322 1519 1478 1579 quas
1527 1496 1685 1557 libro
1717 1495 1938 1576 primo
1978 1495 2062 1560 ὢ*
2098 1493 2355 1555 secundo
2378 1501 2669 1575 pertrac-

164 1609 449 1670 tavimus.
542 1606 593 1666 J
586 1627 629 1666 n
679 1603 838 1665 libro
882 1607 1091 1661 autem
1132 1599 1313 1660 tertio
1352 1597 1696 1677 exemplum
1729 1596 1924 1678 hujus
1954 1595 2053 1656 rei
2072 1594 2523 1676 proposuimus
2545 1602 2676 1676 per

158 1707 617 1790 explicationem
645 1701 988 1786 systematis
1016 1699 1340 1761 mundani.
1435 1699 1484 1759 J
1478 1698 1545 1759 bi
1567 1697 1746 1770 enim,
1773 1719 1847 1758 ex
1857 1696 2286 1778 phaenomenis
2314 1696 2665 1770 coelestibus,

141 1819 269 1892 per
301 1807 749 1891 propositiones
796 1804 866 1864 in
918 1801 1102 1863 libris
1137 1800 1471 1881 prioribus
1516 1799 1939 1860 mathematice
1982 1798 2455 1871 demonstratas,
2505 1798 2668 1860 deri-

155 1918 399 1973 vantur
439 1909 599 1970 vires
630 1903 998 1987 gravitatis,
1030 1903 1254 1984 quibus
1297 1910 1557 1983 corpora
1587 1901 1680 1961 ad
1706 1902 1890 1962 solem
1935 1902 2018 1966 <09³
2045 1901 2348 1981 planetas
2386 1900 2671 1982 singulos

155 2010 432 2071 tendunt.
525 2005 769 2068 Deinde
797 2027 868 2066 ex
896 2004 994 2065 his
1025 2004 1268 2064 viribus
1295 2010 1427 2084 per
1452 2001 1910 2083 propositiones
1953 2002 2141 2063 etiam
2186 2002 2666 2075 mathematicas,

155 2110 550 2172 deducuntur
594 2096 794 2168 motus
825 2106 1259 2186 planetarum,
1293 2111 1686 2175 cometarum,
1721 2103 1893 2163 lunae
1941 2104 2024 2168 <⁶3³
2068 2102 2284 2164 maris.
2399 2102 2669 2164 Utinam

156 2219 372 2272 caetera
401 2217 654 2271 naturae
665 2207 1074 2288 phaenomena
1103 2227 1178 2265 ex
1188 2204 1537 2286 principiis
1568 2204 1930 2265 mechanicis
1958 2204 2154 2265 eodem
2177 2203 2675 2286 argumentandi

147 2333 370 2395 genere
395 2310 680 2372 derivare
723 2308 939 2369 liceret.
1032 2304 1220 2366 Nam
1264 2305 1468 2365 multa
1515 2326 1610 2365 me
1651 2312 1905 2378 movent,
1940 2313 2017 2366 ut
2058 2304 2362 2366 nonnihil
2396 2305 2673 2387 suspicer

155 2434 224 2472 ea
295 2410 505 2472 omnia
562 2431 637 2470 ex
697 2407 938 2469 viribus
1008 2405 1380 2488 quibusdam
1437 2405 1714 2486 pendere
1768 2413 1962 2487 posse,
2039 2407 2265 2488 quibus
2336 2414 2668 2488 corporum

144 2511 486 2593 particulae
511 2517 640 2590 per
679 2530 895 2569 causas
939 2506 1219 2568 nondum
1263 2507 1539 2588 cognitas
1569 2508 1669 2569 vel
1692 2508 1761 2568 in
1791 2530 1852 2568 se
1878 2515 2098 2569 mutuo
2130 2507 2556 2588 impelluntur
2585 2509 2669 2574 &³

157 2610 485 2673 secundum
497 2609 759 2691 figuras
789 2608 1108 2689 regulares
1136 2607 1448 2680 cohaemnt,
1483 2609 1583 2668 vel
1619 2608 1696 2668 ab
1741 2607 2000 2670 invicem
2024 2607 2372 2690 fugantur
2401 2610 2485 2675 ὥ*
2514 2631 2663 2671 rece·

158 2712 323 2772 dunt
346 2738 364 2773 .·
428 2711 650 2792 quibus
704 2708 941 2770 viribus
994 2708 1236 2790 ignotis,
1276 2708 1642 2789 philosophi
1693 2707 1986 2770 hactenus
2043 2717 2351 2770 naturam
2390 2708 2668 2790 frustra

160 2819 501 2873 tentarunt.
598 2810 793 2896 Spero
823 2817 1031 2869 autem
1061 2808 1230 2890 quod
1252 2810 1351 2869 vel
1371 2808 1519 2869 huic
1547 2808 2047 2890 philosophandi
2072 2810 2261 2885 modo,
2295 2812 2396 2873 vel
2433 2811 2672 2874 veriori

159 2913 371 2989 alicui,
388 2911 719 2994 principia
748 2910 847 2971 hic
860 2911 1072 2991 posita
1105 2910 1295 2970 lucem
1326 2908 1612 2990 aliquam
1626 2910 2008 2990 proebebunt.

274 3014 362 3074 In
407 3013 506 3073 his
550 3011 808 3086 edendis,
841 3010 949 3071 vir
996 3010 1391 3071 acutissimus
1442 3012 1524 3076 ὣ*
1563 3011 1633 3071 in
1679 3011 1856 3071 omni
1895 3011 2234 3074 literarum
2255 3035 2485 3095 genere
2524 3036 2664 3076 eru·

158 3114 502 3176 ditissimus
534 3111 918 3173 Edmundus
956 3109 1246 3171 Halleius
1277 3117 1524 3191 operam
1547 3112 1822 3187 navavit,
1857 3134 1959 3173 nec
1979 3114 2181 3175 solum
2205 3115 2667 3196 typothetarum

158 3215 515 3296 sphalmata
564 3212 836 3275 correxit
884 3213 966 3278 <5⁹9³
999 3210 1303 3273 schemata
1342 3210 1544 3272 incidi
1580 3212 1847 3289 curavit,
1880 3214 1988 3275 sed
2018 3214 2204 3276 etiam
2250 3225 2475 3277 auctor
2494 3215 2664 3297 fuit,

160 3324 236 3376 ut
283 3316 512 3377 horum
563 3315 883 3375 editionem
935 3312 1314 3395 aggrederer.
1437 3312 1683 3394 Quippe
1737 3336 1878 3375 cum
1934 3315 2423 3379 demonstratam
2474 3339 2516 3379 a
2574 3340 2670 3379 me
2710 3339 2715 3344 ·

142 3417 441 3498 figuram
471 3417 715 3477 orbium
763 3415 1089 3476 caelestium
1128 3414 1592 3494 impetraverat,
1627 3437 1851 3497 rogare
1876 3439 2002 3478 non
2031 3417 2281 3491 destitit,
2315 3426 2391 3479 ut
2416 3419 2667 3480 eandem

160 3539 301 3578 cum
351 3517 672 3579 Societate
728 3514 956 3598 Regali
1009 3515 1540 3591 communicarem,
1583 3537 1723 3597 quoe
1768 3515 1987 3577 deinde
2034 3516 2387 3580 hortatibus
2441 3519 2525 3585 ὅτ
2575 3519 2663 3580 be-

160 3618 374 3700 nignis
415 3617 545 3679 suis
594 3617 888 3698 auspiciis
937 3615 1139 3698 effecit,
1193 3624 1270 3677 ut
1309 3616 1384 3677 de
1423 3616 1626 3679 eadem
1669 3617 1740 3678 in
1787 3617 1978 3678 lucem
2021 3618 2354 3680 emittenda
2397 3620 2668 3702 cogitare

157 3718 502 3798 inciperem.
595 3718 664 3777 A
674 3725 702 3778 t
730 3724 1067 3798 postquam
1118 3724 1400 3777 motuum
1451 3717 1788 3778 lunarium
1839 3717 2295 3799 iuaequalitates
2339 3741 2665 3802 aggressus

157 3840 350 3892 essem,
403 3817 618 3879 deinde
663 3817 850 3879 etiam
889 3817 1023 3878 alia
1067 3825 1307 3879 tentare
1346 3817 1662 3899 coepissem,
1707 3839 1848 3899 quae
1878 3818 1970 3879 ad
2001 3819 2153 3900 leges
2199 3821 2281 3886 ὅς’
2339 3842 2664 3884 mensuras

145 3917 495 4001 gravitatis
556 3918 639 3984 ἀΰ
695 3917 979 3979 aliarum
1037 3917 1293 3990 virium,
1361 3918 1443 3983 ὅς’
1496 3916 1761 4000 figuras
1819 3941 1860 3981 a
1917 3920 2276 4001 corporibus
2330 3921 2664 3984 secundum
