2846 4250
1194 116 1434 168 LIBER
1470 115 1808 168 TERTIUS.
2554 135 2636 196 47
2649 139 2670 179 1

235 270 646 354 conjunctim;
691 273 757 336 id
801 285 915 345 est,
946 283 1018 332 ut
1065 273 1288 349 39,788
1335 271 1417 332 ad
1477 291 1503 331 1·
1556 269 1618 331 8z
1676 289 1794 332 100
1838 270 1919 331 ad
1974 276 2092 349 365
2146 273 2535 355 conjunctim,
2567 295 2679 336 seu

244 372 395 431 1081
432 373 514 433 ad
553 392 683 436 100.
777 371 972 433 Unde
1001 392 1142 431 cum
1172 391 1343 430 mare
1374 382 1654 431 nostrum
1697 369 1761 429 vi
1804 367 1968 430 lunae
1998 369 2317 432 attollatur-
2357 373 2438 433 ad
2483 374 2679 454 pedes

235 466 326 540 83,
357 468 615 532 fluidum
645 469 862 532 lunare
891 470 954 531 vi
999 483 1181 530 terrae
1224 467 1420 530 attolli
1464 468 1725 529 deberet
1766 468 1848 529 ad
1895 469 2089 548 pedes
2132 490 2233 548 93.
2328 472 2551 553 anue
2597 474 2678 536 de

232 586 419 628 causa
461 568 660 651 figura
705 568 869 631 lunae
917 568 1219 649 sphaerois
1266 580 1446 639 esset,
1496 567 1669 648 cujus
1717 567 1990 627 maxima
2031 568 2335 630 diameter
2378 571 2680 650 producta

231 668 521 730 transiret
562 691 676 750 per
717 682 998 731 centrum
1043 681 1224 738 terrae
1273 667 1334 727 &
1380 679 1702 747 superaret
1747 667 2085 728 diametros
2136 668 2676 748 perpendiculares

229 786 489 828 excessu
518 769 753 848 pedum
792 772 924 830 186.
1018 765 1243 827 Talem
1274 766 1463 848 igitur
1491 765 1753 848 figuram
1797 764 1943 826 luna
1971 766 2233 839 affectat,
2266 788 2531 851 eamque
2560 769 2677 829 sub

139 899 144 903 ·
229 869 405 931 initio
435 870 692 932 induere
721 870 952 932 debuit.
1045 869 1121 944 Q.
1154 869 1237 930 E.
1263 868 1320 929 I.

347 969 545 1031 Corol.
599 970 759 1032 Inde
786 991 940 1030 vero
970 968 1040 1029 fit
1067 980 1138 1028 ut
1166 967 1388 1028 eadem
1418 988 1666 1047 semper
1692 964 1857 1027 lunae
1886 965 2074 1027 facies
2106 966 2166 1026 in
2198 978 2423 1027 terram
2453 964 2674 1026 obver-

228 1078 409 1128 tatur.
523 1068 598 1128 In
629 1066 751 1129 alio
781 1067 948 1128 enim
978 1066 1099 1127 situ
1147 1087 1370 1146 corpus
1416 1064 1631 1126 lunare
1678 1065 1996 1145 quiescere
2027 1085 2151 1125 non
2180 1076 2402 1144 potest,
2435 1062 2548 1123 sed
2594 1061 2676 1123 ad

228 1169 393 1229 hunc
420 1169 608 1229 situm
638 1167 978 1230 oscillando
1007 1188 1256 1247 semper
1284 1167 1522 1228 redibit.
1614 1165 1917 1226 Attamen
1957 1162 2384 1235 oscillationeS,
2416 1162 2498 1223 ob
2537 1181 2674 1241 par-

227 1267 488 1327 vitatem
534 1267 760 1327 virium
806 1266 1192 1348 agitantium,
1225 1278 1436 1326 essent
1481 1264 1669 1346 longe
1716 1264 2125 1325 tardissimae:
2170 1263 2330 1323 adeo
2374 1274 2460 1322 ut⁴
2487 1261 2675 1320 facies

228 1362 345 1436 illa,
378 1385 520 1444 quae
551 1377 778 1425 terram
809 1385 1057 1443 semper
1085 1362 1391 1443 respicere
1421 1363 1693 1434 deberet,
1726 1363 1925 1442 possit
1959 1360 2220 1421 alterum
2250 1360 2416 1421 orbis
2445 1358 2675 1418 lunaris

226 1461 584 1523 umbilicum
619 1462 726 1543 (ob
756 1462 1059 1523 rationem
1090 1461 1152 1521 in
1182 1483 1357 1541 prop.
1392 1480 1527 1521 xvn
1557 1460 1830 1542 allatam)
1873 1461 2193 1540 respicere,
2226 1479 2432 1539 neque
2465 1456 2673 1518 statim

225 1561 454 1623 abinde
485 1560 711 1622 retrahi
744 1560 805 1621 &
836 1561 897 1621 in
929 1572 1158 1621 terram
1188 1559 1483 1621 converti.

1163 1879 1591 1940 LEMMA
1688 1880 1739 1940 1.

339 2106 423 2168 Si
465 2107 528 2167 A
560 2107 606 2167 P
635 2106 690 2167 E
717 2128 760 2187 p
808 2114 1044 2166 terram
1093 2104 1358 2186 designet
1407 2103 1812 2184 uniformiter
1852 2103 2111 2175 densam,
2157 2110 2469 2181 centroque
2516 2098 2567 2159 C
2596 2098 2675 2162 ὣ*

208 2221 380 2302 polis
427 2221 494 2297 P,
526 2243 568 2302 p
617 2222 699 2286 ὣ*
740 2228 1044 2302 aequatore
1088 2218 1151 2279 A
1177 2219 1233 2279 E
1282 2219 1648 2279 delineatam
1670 2246 1695 2290 ,·
1742 2220 1823 2283 <⁰9⁴
1866 2218 1927 2279 si
1970 2225 2171 2277 centro
2220 2215 2271 2276 C
2321 2213 2495 2274 radio
2544 2210 2596 2270 C
2625 2208 2671 2267 P

221 2334 479 2394 describi
501 2333 899 2414 intelligatur
935 2333 1177 2412 sphaera
1213 2333 1259 2392 P
1280 2354 1318 2392 a
1337 2354 1377 2412 p
1402 2354 1437 2393 e
1462 2357 1473 2406 ;
1503 2333 1589 2393 sit
1614 2340 1816 2392 autem
1849 2331 1908 2409 Q
1933 2331 1991 2390 R
2006 2332 2295 2410 planum,
2328 2326 2431 2387 cui
2448 2331 2608 2384 recta
2636 2343 2675 2380 a

221 2455 424 2509 centro
450 2448 594 2509 solis
619 2448 710 2508 ad
729 2456 1006 2508 centrum
1036 2455 1221 2507 terrae
1244 2446 1427 2507 ducta
1457 2447 1830 2507 normaliter
1855 2443 2089 2504 imistit
2102 2468 2126 2514 ‚·
2173 2443 2254 2506 ὣ*
2283 2448 2465 2500 terrae
2491 2437 2678 2498 totius

220 2561 537 2622 exterioris
570 2561 617 2620 P
638 2582 676 2620 a
694 2582 735 2641 p
757 2560 818 2620 A
846 2561 892 2619 P
914 2582 949 2621 e
968 2581 1010 2640 p
1033 2559 1110 2631 E,
1140 2581 1277 2640 quae
1321 2560 1562 2639 splcaera
1613 2559 1783 2619 modo
1828 2556 2123 2635 descripta
2152 2554 2348 2614 altior
2386 2559 2483 2623 est,
2514 2557 2673 2629 par-

222 2672 427 2733 ticulae
450 2674 714 2754 singulae
737 2681 1032 2734 conentur
1058 2673 1316 2733 recedere
1339 2673 1480 2733 lzinc
1521 2672 1662 2732 inde
1703 2694 1743 2731 a
1771 2672 1971 2750 plano
2003 2667 2062 2745 Q
2094 2667 2168 2739 R,
2199 2666 2393 2745 sitque
2432 2670 2678 2724 conatus

206 2769 545 2865 particulae
586 2787 875 2867 cujusque
921 2794 996 2847 ut
1049 2785 1310 2866 ejusdem
1359 2786 1661 2846 distantia
1707 2806 1747 2844 a
1783 2784 2021 2863 plano:
2077 2780 2205 2840 dico
2237 2779 2468 2858 primo,
2517 2775 2683 2856 quod

224 2905 351 2958 tota
380 2899 857 2979 particularum
907 2900 1182 2960 omnium
1232 2900 1302 2960 in
1359 2900 1688 2980 aequatoris
1732 2898 1958 2958 circulo
2002 2898 2065 2955 A
2091 2894 2166 2966 E,
2215 2900 2390 2954 extra
2425 2892 2675 2972 globum

223 3011 630 3090 uniformiter
639 3021 766 3092 per
791 3021 987 3074 totum
1014 3014 1343 3074 circuitum
1374 3014 1442 3074 in
1473 3034 1697 3074 morem
1727 3011 1959 3072 annuli
1988 3008 2439 3089 dispositarum,
2473 3006 2564 3066 vis
2595 3007 2676 3070 ξφ

221 3123 481 3202 efficacia
528 3125 618 3185 ad
657 3134 892 3187 terram
935 3127 1166 3188 circum
1208 3136 1486 3188 centrum
1529 3127 1660 3207 ejus
1706 3124 2035 3186 rotandam
2062 3123 2146 3183 sit
2172 3122 2261 3182 ad
2297 3130 2485 3181 totam
2512 3129 2671 3200 par-

223 3236 560 3296 ticularum
591 3237 835 3297 totidem
876 3238 946 3298 in
988 3239 1316 3319 aequatoris
1342 3246 1576 3318 puncto
1617 3237 1697 3309 A,
1728 3235 1894 3317 quod
1928 3257 1968 3295 a
1994 3235 2194 3315 plano
2226 3232 2285 3310 Q
2317 3233 2376 3291 R
2415 3232 2678 3292 maxime

220 3348 427 3420 distat,
458 3351 908 3411 consistentium
937 3352 1063 3411 vim
1096 3354 1177 3417 &³
1204 3351 1526 3431 efficaciam
1568 3351 1658 3410 ad
1676 3358 1926 3410 terram
1961 3347 2266 3408 consimili
2288 3352 2454 3406 motu
2482 3345 2672 3404 circu-

224 3462 360 3522 lari
381 3462 612 3523 circum
640 3471 918 3524 centrum
946 3465 1076 3544 ejus
1104 3466 1470 3550 movendam,
1502 3473 1578 3524 ut
1618 3484 1815 3523 unum
1858 3461 1948 3521 ad
1980 3461 2114 3520 duo.
2204 3459 2301 3518 Et
2341 3466 2537 3518 motus
2566 3458 2677 3517 iste

221 3575 547 3636 circularis
588 3576 818 3637 circum
859 3598 1046 3649 axem,
1084 3578 1154 3637 in
1195 3577 1507 3638 communi
1529 3576 1776 3637 sectione
1819 3571 2148 3653 aequatoris
2179 3571 2259 3633 ὥ*
2284 3569 2481 3647 plani
2523 3567 2583 3644 Q
2614 3568 2672 3626 R

205 3687 524 3767 jacentem,
540 3694 896 3768 peragetur.
