<?xml version="1.0" encoding="UTF-8"?>
<!DOCTYPE html PUBLIC "-//W3C//DTD XHTML 1.0 Transitional//EN"
    "http://www.w3.org/TR/xhtml1/DTD/xhtml1-transitional.dtd">
<html xmlns="http://www.w3.org/1999/xhtml" xml:lang="en" lang="en">
 <head>
  <title>
</title>
<meta http-equiv="Content-Type" content="text/html;charset=utf-8" />
  <meta name='ocr-system' content='tesseract 3.04.00' />
  <meta name='ocr-capabilities' content='ocr_page ocr_carea ocr_par ocr_line ocrx_word'/>
</head>
<body>
  <div class='ocr_page' id='page_1' title='image "./principia00newtuoft_0057.png"; bbox 0 0 2846 4224; ppageno 0'>
   <div class='ocr_carea' id='block_1_1' title="bbox 1141 118 2641 201">
    <p class='ocr_par' dir='ltr' id='par_1_1' title="bbox 1141 118 2641 201">
     <span class='ocr_line' id='line_1_1' title="bbox 1141 118 2641 201; baseline 0.002 -33"><span class='ocrx_word' id='word_1_1' title='bbox 1141 118 1397 170; x_wconf 87' lang='lat' dir='ltr'><em>LEGES</em></span> <span class='ocrx_word' id='word_1_2' title='bbox 1429 119 1706 170; x_wconf 83' lang='lat' dir='ltr'><em>MOTUS.</em></span> <span class='ocrx_word' id='word_1_3' title='bbox 2572 144 2592 182; x_wconf 91' lang='lat'>1</span> <span class='ocrx_word' id='word_1_4' title='bbox 2611 142 2641 201; x_wconf 85' lang='lat'><strong>5</strong></span> 
     </span>
    </p>
   </div>
   <div class='ocr_carea' id='block_1_2' title="bbox 202 269 2651 560">
    <p class='ocr_par' dir='ltr' id='par_1_2' title="bbox 202 269 2651 560">
     <span class='ocr_line' id='line_1_2' title="bbox 205 269 2651 352; baseline -0.002 -2"><span class='ocrx_word' id='word_1_5' title='bbox 205 269 468 352; x_wconf 83' lang='lat' dir='ltr'><strong>mutabit</strong></span> <span class='ocrx_word' id='word_1_6' title='bbox 524 283 916 347; x_wconf 88' lang='lat' dir='ltr'><strong>velocitatem</strong></span> <span class='ocrx_word' id='word_1_7' title='bbox 975 272 1318 344; x_wconf 52' lang='lat' dir='ltr'><strong>accedendi*</strong></span> <span class='ocrx_word' id='word_1_8' title='bbox 1369 281 1451 343; x_wconf 93' lang='lat' dir='ltr'><strong>ad</strong></span> <span class='ocrx_word' id='word_1_9' title='bbox 1515 281 1742 343; x_wconf 88' lang='lat' dir='ltr'><strong>lineam</strong></span> <span class='ocrx_word' id='word_1_10' title='bbox 1808 280 1973 342; x_wconf 92' lang='lat' dir='ltr'><strong>illam</strong></span> <span class='ocrx_word' id='word_1_11' title='bbox 2037 282 2172 342; x_wconf 89' lang='lat' dir='ltr'><strong>BD</strong></span> <span class='ocrx_word' id='word_1_12' title='bbox 2234 304 2273 342; x_wconf 93' lang='lat' dir='ltr'><strong>a</strong></span> <span class='ocrx_word' id='word_1_13' title='bbox 2337 283 2400 343; x_wconf 90' lang='lat' dir='ltr'><strong>vi</strong></span> <span class='ocrx_word' id='word_1_14' title='bbox 2458 283 2651 346; x_wconf 90' lang='lat' dir='ltr'><strong>altera</strong></span> 
     </span>
     <span class='ocr_line' id='line_1_3' title="bbox 202 378 2648 470; baseline -0.002 -22"><span class='ocrx_word' id='word_1_15' title='bbox 202 386 493 470; x_wconf 87' lang='lat' dir='ltr'><strong>genitam.</strong></span> <span class='ocrx_word' id='word_1_16' title='bbox 607 381 891 443; x_wconf 86' lang='lat' dir='ltr'><strong>Accedet</strong></span> <span class='ocrx_word' id='word_1_17' title='bbox 940 380 1128 463; x_wconf 86' lang='lat' dir='ltr'><strong>igitur</strong></span> <span class='ocrx_word' id='word_1_18' title='bbox 1176 401 1401 460; x_wconf 91' lang='lat' dir='ltr'><strong>corpus</strong></span> <span class='ocrx_word' id='word_1_19' title='bbox 1458 380 1682 442; x_wconf 92' lang='lat' dir='ltr'><strong>eodem</strong></span> <span class='ocrx_word' id='word_1_20' title='bbox 1740 392 2022 459; x_wconf 91' lang='lat' dir='ltr'><strong>tempore</strong></span> <span class='ocrx_word' id='word_1_21' title='bbox 2078 379 2159 439; x_wconf 90' lang='lat' dir='ltr'><strong>ad</strong></span> <span class='ocrx_word' id='word_1_22' title='bbox 2217 378 2444 440; x_wconf 90' lang='lat' dir='ltr'><strong>lineam</strong></span> <span class='ocrx_word' id='word_1_23' title='bbox 2500 382 2648 455; x_wconf 89' lang='lat' dir='ltr'><strong>BD,</strong></span> 
     </span>
     <span class='ocr_line' id='line_1_4' title="bbox 203 475 2651 560; baseline -0.003 -13"><span class='ocrx_word' id='word_1_24' title='bbox 203 487 338 548; x_wconf 88' lang='lat' dir='ltr'><strong>sive</strong></span> <span class='ocrx_word' id='word_1_25' title='bbox 371 483 470 544; x_wconf 90' lang='lat' dir='ltr'><strong>vis</strong></span> <span class='ocrx_word' id='word_1_26' title='bbox 511 482 598 543; x_wconf 94' lang='lat' dir='ltr'><em>N</em></span> <span class='ocrx_word' id='word_1_27' title='bbox 634 480 1033 560; x_wconf 84' lang='lat' dir='ltr'><strong>imprimatur,</strong></span> <span class='ocrx_word' id='word_1_28' title='bbox 1071 479 1207 540; x_wconf 91' lang='lat' dir='ltr'><strong>sive</strong></span> <span class='ocrx_word' id='word_1_29' title='bbox 1251 499 1410 552; x_wconf 87' lang='lat' dir='ltr'><strong>non;</strong></span> <span class='ocrx_word' id='word_1_30' title='bbox 1455 490 1645 558; x_wconf 90' lang='lat' dir='ltr'><strong>atque</strong></span> <span class='ocrx_word' id='word_1_31' title='bbox 1690 477 1832 538; x_wconf 93' lang='lat' dir='ltr'><strong>ideo</strong></span> <span class='ocrx_word' id='word_1_32' title='bbox 1875 478 1937 537; x_wconf 93' lang='lat' dir='ltr'><strong>in</strong></span> <span class='ocrx_word' id='word_1_33' title='bbox 1983 477 2113 537; x_wconf 80' lang='lat' dir='ltr'><strong>fine&#39;</strong></span> <span class='ocrx_word' id='word_1_34' title='bbox 2151 475 2310 536; x_wconf 90' lang='lat' dir='ltr'><strong>illius</strong></span> <span class='ocrx_word' id='word_1_35' title='bbox 2354 480 2651 558; x_wconf 91' lang='lat' dir='ltr'><strong>temporis</strong></span> 
     </span>
    </p>
   </div>
   <div class='ocr_carea' id='block_1_3' title="bbox 62 572 2654 665">
    <p class='ocr_par' dir='ltr' id='par_1_3' title="bbox 62 572 2654 665">
     <span class='ocr_line' id='line_1_5' title="bbox 62 572 2654 665; baseline -0.002 -23"><span class='ocrx_word' id='word_1_36' title='bbox 62 654 66 665; x_wconf 28' lang='lat' dir='ltr'>J</span> <span class='ocrx_word' id='word_1_37' title='bbox 115 602 124 608; x_wconf 91' lang='lat'>·</span> <span class='ocrx_word' id='word_1_38' title='bbox 205 581 545 663; x_wconf 89' lang='lat' dir='ltr'><strong>reperietur</strong></span> <span class='ocrx_word' id='word_1_39' title='bbox 600 572 822 640; x_wconf 87' lang='lat' dir='ltr'><strong>alicubi</strong></span> <span class='ocrx_word' id='word_1_40' title='bbox 881 577 943 638; x_wconf 92' lang='lat' dir='ltr'><strong>in</strong></span> <span class='ocrx_word' id='word_1_41' title='bbox 1001 576 1166 639; x_wconf 91' lang='lat' dir='ltr'><strong>linea</strong></span> <span class='ocrx_word' id='word_1_42' title='bbox 1223 576 1325 638; x_wconf 88' lang='lat' dir='ltr'><strong>illa</strong></span> <span class='ocrx_word' id='word_1_43' title='bbox 1381 577 1530 638; x_wconf 90' lang='lat' dir='ltr'><strong>BD.</strong></span> <span class='ocrx_word' id='word_1_44' title='bbox 1661 575 1910 637; x_wconf 91' lang='lat' dir='ltr'><strong>Eodem</strong></span> <span class='ocrx_word' id='word_1_45' title='bbox 1975 586 2344 656; x_wconf 82' lang='lat' dir='ltr'><strong>argumento</strong></span> <span class='ocrx_word' id='word_1_46' title='bbox 2403 575 2464 635; x_wconf 93' lang='lat' dir='ltr'><strong>in</strong></span> <span class='ocrx_word' id='word_1_47' title='bbox 2531 576 2654 638; x_wconf 91' lang='lat' dir='ltr'><strong>fine</strong></span> 
     </span>
    </p>
   </div>
   <div class='ocr_carea' id='block_1_4' title="bbox 0 0 201 865">
    <p class='ocr_par' dir='ltr' id='par_1_4' title="bbox 0 0 201 865">
     <span class='ocr_line' id='line_1_6' title="bbox 0 0 201 865; baseline 0 0"><span class='ocrx_word' id='word_1_48' title='bbox 0 0 201 865; x_wconf 95' lang='lat' dir='ltr'><strong> </strong></span> 
     </span>
    </p>
   </div>
   <div class='ocr_carea' id='block_1_5' title="bbox 205 672 2652 761">
    <p class='ocr_par' dir='ltr' id='par_1_5' title="bbox 205 672 2652 761">
     <span class='ocr_line' id='line_1_7' title="bbox 205 672 2652 761; baseline -0.004 -17"><span class='ocrx_word' id='word_1_49' title='bbox 205 680 501 761; x_wconf 92' lang='lat' dir='ltr'><strong>temporis</strong></span> <span class='ocrx_word' id='word_1_50' title='bbox 545 677 824 760; x_wconf 91' lang='lat' dir='ltr'><strong>ejusdem</strong></span> <span class='ocrx_word' id='word_1_51' title='bbox 870 677 1210 756; x_wconf 90' lang='lat' dir='ltr'><strong>reperietur</strong></span> <span class='ocrx_word' id='word_1_52' title='bbox 1252 675 1474 737; x_wconf 91' lang='lat' dir='ltr'><strong>alicubi</strong></span> <span class='ocrx_word' id='word_1_53' title='bbox 1521 677 1582 736; x_wconf 93' lang='lat' dir='ltr'><strong>in</strong></span> <span class='ocrx_word' id='word_1_54' title='bbox 1626 674 1791 736; x_wconf 92' lang='lat' dir='ltr'><strong>linea</strong></span> <span class='ocrx_word' id='word_1_55' title='bbox 1839 674 1975 746; x_wconf 88' lang='lat' dir='ltr'><strong>CD,</strong></span> <span class='ocrx_word' id='word_1_56' title='bbox 2025 673 2086 733; x_wconf 70' lang='lat'><strong>81</strong></span> <span class='ocrx_word' id='word_1_57' title='bbox 2130 672 2357 733; x_wconf 90' lang='lat' dir='ltr'><strong>idcirco</strong></span> <span class='ocrx_word' id='word_1_58' title='bbox 2401 673 2462 733; x_wconf 91' lang='lat' dir='ltr'><strong>in</strong></span> <span class='ocrx_word' id='word_1_59' title='bbox 2507 676 2652 735; x_wconf 90' lang='lat' dir='ltr'><strong>utri-</strong></span> 
     </span>
    </p>
   </div>
   <div class='ocr_carea' id='block_1_6' title="bbox 15 772 2654 957">
    <p class='ocr_par' dir='ltr' id='par_1_6' title="bbox 15 772 2654 964">
     <span class='ocr_line' id='line_1_8' title="bbox 15 772 2654 860; baseline -0.002 -19"><span class='ocrx_word' id='word_1_60' title='bbox 15 779 52 859; x_wconf 30' lang='grc' dir='ltr'><strong>’,ζ</strong></span> <span class='ocrx_word' id='word_1_61' title='bbox 135 786 138 788; x_wconf 80' lang='grc'><strong>’</strong></span> <span class='ocrx_word' id='word_1_62' title='bbox 203 800 402 860; x_wconf 91' lang='lat' dir='ltr'><strong>usque</strong></span> <span class='ocrx_word' id='word_1_63' title='bbox 452 776 632 838; x_wconf 85' lang='lat' dir='ltr'><strong>lineae</strong></span> <span class='ocrx_word' id='word_1_64' title='bbox 683 797 983 837; x_wconf 88' lang='lat' dir='ltr'>concursu</span> <span class='ocrx_word' id='word_1_65' title='bbox 1034 776 1105 835; x_wconf 88' lang='lat' dir='ltr'><em>D</em></span> <span class='ocrx_word' id='word_1_66' title='bbox 1156 775 1407 856; x_wconf 90' lang='lat' dir='ltr'><strong>reperiri</strong></span> <span class='ocrx_word' id='word_1_67' title='bbox 1453 796 1707 836; x_wconf 92' lang='lat' dir='ltr'><strong>necesse</strong></span> <span class='ocrx_word' id='word_1_68' title='bbox 1751 786 1862 835; x_wconf 91' lang='lat' dir='ltr'><strong>est.</strong></span> <span class='ocrx_word' id='word_1_69' title='bbox 1959 772 2187 854; x_wconf 88' lang='lat' dir='ltr'><strong>Perget</strong></span> <span class='ocrx_word' id='word_1_70' title='bbox 2229 783 2438 833; x_wconf 91' lang='lat' dir='ltr'><strong>autem</strong></span> <span class='ocrx_word' id='word_1_71' title='bbox 2483 787 2654 835; x_wconf 89' lang='lat' dir='ltr'><strong>motu</strong></span> 
     </span>
     <span class='ocr_line' id='line_1_9' title="bbox 122 872 1396 957; baseline -0.004 -16.408"><span class='ocrx_word' id='word_1_72' title='bbox 122 875 128 880; x_wconf 72' lang='grc'>’</span> <span class='ocrx_word' id='word_1_73' title='bbox 200 876 514 940; x_wconf 92' lang='lat' dir='ltr'><strong>rectilineo</strong></span> <span class='ocrx_word' id='word_1_74' title='bbox 542 876 622 936; x_wconf 92' lang='lat' dir='ltr'><strong>ab</strong></span> <span class='ocrx_word' id='word_1_75' title='bbox 650 875 719 936; x_wconf 98' lang='lat' dir='ltr'><strong>A</strong></span> <span class='ocrx_word' id='word_1_76' title='bbox 755 874 837 935; x_wconf 87' lang='lat' dir='ltr'><strong>ad</strong></span> <span class='ocrx_word' id='word_1_77' title='bbox 864 875 937 935; x_wconf 88' lang='lat' dir='ltr'><em>D</em></span> <span class='ocrx_word' id='word_1_78' title='bbox 964 896 1078 955; x_wconf 90' lang='lat' dir='ltr'><strong>per</strong></span> <span class='ocrx_word' id='word_1_79' title='bbox 1104 872 1310 957; x_wconf 88' lang='lat' dir='ltr'><strong>legem</strong></span> <span class='ocrx_word' id='word_1_80' title='bbox 1349 895 1396 936; x_wconf 91' lang='lat'><strong>1.</strong></span> 
     </span>
    </p>
   </div>
   <div class='ocr_carea' id='block_1_7' title="bbox 209 1160 1975 1398">
    <p class='ocr_par' dir='ltr' id='par_1_7' title="bbox 209 1160 1975 1398">
     <span class='ocr_line' id='line_1_10' title="bbox 906 1160 1975 1224; baseline -0.004 0"><span class='ocrx_word' id='word_1_81' title='bbox 906 1161 1583 1224; x_wconf 90' lang='lat' dir='ltr'><strong>COROLLARI</strong></span> <span class='ocrx_word' id='word_1_82' title='bbox 1618 1160 1773 1224; x_wconf 87' lang='lat' dir='ltr'><strong>UM</strong></span> <span class='ocrx_word' id='word_1_83' title='bbox 1856 1160 1975 1220; x_wconf 95' lang='grc' dir='ltr'><strong>ΙΙ.</strong></span> 
     </span>
     <span class='ocr_line' id='line_1_11' title="bbox 209 1316 1770 1398; baseline -0.003 -17"><span class='ocrx_word' id='word_1_84' title='bbox 209 1320 304 1381; x_wconf 91' lang='lat' dir='ltr'><strong>Et</strong></span> <span class='ocrx_word' id='word_1_85' title='bbox 341 1318 484 1380; x_wconf 78' lang='lat' dir='ltr'><em>lzinc</em></span> <span class='ocrx_word' id='word_1_86' title='bbox 511 1323 690 1398; x_wconf 77' lang='lat' dir='ltr'><em>patet</em></span> <span class='ocrx_word' id='word_1_87' title='bbox 729 1317 1068 1398; x_wconf 79' lang='lat' dir='ltr'><em>compositio</em></span> <span class='ocrx_word' id='word_1_88' title='bbox 1110 1316 1204 1378; x_wconf 85' lang='lat' dir='ltr'><strong>vis</strong></span> <span class='ocrx_word' id='word_1_89' title='bbox 1243 1316 1485 1378; x_wconf 79' lang='lat' dir='ltr'><strong>directae</strong></span> <span class='ocrx_word' id='word_1_90' title='bbox 1518 1316 1649 1377; x_wconf 90' lang='lat' dir='ltr'><strong>AD</strong></span> <span class='ocrx_word' id='word_1_91' title='bbox 1717 1355 1770 1396; x_wconf 84' lang='lat' dir='ltr'>A</span> 
     </span>
    </p>
   </div>
   <div class='ocr_carea' id='block_1_8' title="bbox 291 1379 2635 1849">
    <p class='ocr_par' dir='ltr' id='par_1_8' title="bbox 291 1379 2549 1737">
     <span class='ocr_line' id='line_1_12' title="bbox 291 1379 2549 1511; baseline -0 -17"><span class='ocrx_word' id='word_1_92' title='bbox 291 1455 366 1494; x_wconf 74' lang='lat' dir='ltr'><strong>ex</strong></span> <span class='ocrx_word' id='word_1_93' title='bbox 416 1431 654 1492; x_wconf 83' lang='lat' dir='ltr'><em>viribus</em></span> <span class='ocrx_word' id='word_1_94' title='bbox 708 1430 1020 1511; x_wconf 79' lang='lat' dir='ltr'><em>quibusvis</em></span> <span class='ocrx_word' id='word_1_95' title='bbox 1067 1430 1327 1511; x_wconf 78' lang='lat' dir='ltr'><em>obliquis</em></span> <span class='ocrx_word' id='word_1_96' title='bbox 1385 1429 1447 1490; x_wconf 90' lang='lat' dir='ltr'><strong>A</strong></span> <span class='ocrx_word' id='word_1_97' title='bbox 1465 1431 1514 1490; x_wconf 93' lang='lat' dir='ltr'>B</span> <span class='ocrx_word' id='word_1_98' title='bbox 1572 1432 1654 1495; x_wconf 72' lang='lat'><strong>&amp;⁵</strong></span> <span class='ocrx_word' id='word_1_99' title='bbox 1783 1399 2462 1437; x_wconf 29' lang='lat' dir='ltr'><strong>TE*</strong></span> <span class='ocrx_word' id='word_1_100' title='bbox 2509 1379 2549 1417; x_wconf 70' lang='grc' dir='ltr'><strong>Β</strong></span> 
     </span>
     <span class='ocr_line' id='line_1_13' title="bbox 298 1440 2431 1720; baseline -0 -114"><span class='ocrx_word' id='word_1_101' title='bbox 298 1546 348 1607; x_wconf 90' lang='grc' dir='ltr'>Β</span> <span class='ocrx_word' id='word_1_102' title='bbox 362 1545 446 1621; x_wconf 90' lang='lat' dir='ltr'><strong>D,</strong></span> <span class='ocrx_word' id='word_1_103' title='bbox 497 1546 578 1611; x_wconf 61' lang='grc' dir='ltr'><strong>ὣ*</strong></span> <span class='ocrx_word' id='word_1_104' title='bbox 619 1544 883 1605; x_wconf 84' lang='lat' dir='ltr'><em>vicissim</em></span> <span class='ocrx_word' id='word_1_105' title='bbox 926 1543 1209 1605; x_wconf 79' lang='lat' dir='ltr'><em>resolutio</em></span> <span class='ocrx_word' id='word_1_106' title='bbox 1252 1543 1345 1604; x_wconf 88' lang='lat' dir='ltr'><strong>vis</strong></span> <span class='ocrx_word' id='word_1_107' title='bbox 1384 1544 1654 1624; x_wconf 84' lang='lat' dir='ltr'><em>cujusvis</em></span> <span class='ocrx_word' id='word_1_108' title='bbox 1865 1440 2431 1720; x_wconf 28' lang='lat' dir='ltr'><em>R</em></span> 
     </span>
     <span class='ocr_line' id='line_1_14' title="bbox 291 1655 1648 1737; baseline -0.002 -18"><span class='ocrx_word' id='word_1_109' title='bbox 291 1657 531 1719; x_wconf 76' lang='lat' dir='ltr'><strong>directae</strong></span> <span class='ocrx_word' id='word_1_110' title='bbox 560 1656 691 1717; x_wconf 92' lang='lat' dir='ltr'><strong>AD</strong></span> <span class='ocrx_word' id='word_1_111' title='bbox 724 1657 794 1717; x_wconf 85' lang='lat' dir='ltr'><strong>in</strong></span> <span class='ocrx_word' id='word_1_112' title='bbox 822 1655 1096 1736; x_wconf 79' lang='lat' dir='ltr'><em>obliquas</em></span> <span class='ocrx_word' id='word_1_113' title='bbox 1122 1677 1506 1737; x_wconf 80' lang='lat' dir='ltr'><em>quascunque</em></span> <span class='ocrx_word' id='word_1_114' title='bbox 1526 1655 1648 1716; x_wconf 92' lang='lat' dir='ltr'><strong>AB</strong></span> 
     </span>
    </p>

    <p class='ocr_par' dir='ltr' id='par_1_9' title="bbox 298 1767 2635 1849">
     <span class='ocr_line' id='line_1_15' title="bbox 298 1767 2635 1849; baseline -0.001 -20"><span class='ocrx_word' id='word_1_115' title='bbox 298 1771 380 1836; x_wconf 61' lang='grc' dir='ltr'><strong>ὣ*</strong></span> <span class='ocrx_word' id='word_1_116' title='bbox 433 1768 568 1832; x_wconf 88' lang='lat' dir='ltr'><strong>BD.</strong></span> <span class='ocrx_word' id='word_1_117' title='bbox 686 1768 841 1844; x_wconf 78' lang='lat' dir='ltr'><strong>Quae</strong></span> <span class='ocrx_word' id='word_1_118' title='bbox 884 1767 1126 1849; x_wconf 82' lang='lat' dir='ltr'><em>quidem</em></span> <span class='ocrx_word' id='word_1_119' title='bbox 1175 1769 1516 1849; x_wconf 77' lang='lat' dir='ltr'><em>compositio</em></span> <span class='ocrx_word' id='word_1_120' title='bbox 1569 1772 1652 1836; x_wconf 67' lang='lat'><strong>&lt;⁰9³</strong></span> <span class='ocrx_word' id='word_1_121' title='bbox 2505 1795 2557 1799; x_wconf 78' lang='lat'>-</span> <span class='ocrx_word' id='word_1_122' title='bbox 2589 1807 2635 1844; x_wconf 66' lang='grc' dir='ltr'>ῃ</span> 
     </span>
    </p>
   </div>
   <div class='ocr_carea' id='block_1_9' title="bbox 295 1796 1869 1962">
    <p class='ocr_par' dir='ltr' id='par_1_10' title="bbox 295 1796 1869 1962">
     <span class='ocr_line' id='line_1_16' title="bbox 1832 1796 1869 1835; baseline 0 0"><span class='ocrx_word' id='word_1_123' title='bbox 1832 1796 1869 1835; x_wconf 87' lang='lat' dir='ltr'><strong>c·</strong></span> 
     </span>
     <span class='ocr_line' id='line_1_17' title="bbox 295 1880 1763 1962; baseline 0 -17"><span class='ocrx_word' id='word_1_124' title='bbox 295 1881 579 1945; x_wconf 78' lang='lat' dir='ltr'><em>resolutio</em></span> <span class='ocrx_word' id='word_1_125' title='bbox 606 1880 846 1942; x_wconf 83' lang='lat' dir='ltr'><em>abunde</em></span> <span class='ocrx_word' id='word_1_126' title='bbox 870 1880 1286 1962; x_wconf 82' lang='lat' dir='ltr'><strong>confirmatur</strong></span> <span class='ocrx_word' id='word_1_127' title='bbox 1310 1903 1383 1942; x_wconf 68' lang='lat' dir='ltr'><strong>ax</strong></span> <span class='ocrx_word' id='word_1_128' title='bbox 1409 1882 1763 1946; x_wconf 76' lang='lat' dir='ltr'><em>mechanica.</em></span> 
     </span>
    </p>
   </div>
   <div class='ocr_carea' id='block_1_10' title="bbox 213 2060 2659 2346">
    <p class='ocr_par' dir='ltr' id='par_1_11' title="bbox 213 2060 2659 2346">
     <span class='ocr_line' id='line_1_18' title="bbox 331 2060 2655 2146; baseline 0.001 -23"><span class='ocrx_word' id='word_1_129' title='bbox 331 2062 426 2124; x_wconf 91' lang='lat' dir='ltr'><strong>Ut</strong></span> <span class='ocrx_word' id='word_1_130' title='bbox 470 2062 522 2122; x_wconf 92' lang='lat' dir='ltr'><strong>si</strong></span> <span class='ocrx_word' id='word_1_131' title='bbox 569 2061 650 2122; x_wconf 93' lang='lat' dir='ltr'><strong>de</strong></span> <span class='ocrx_word' id='word_1_132' title='bbox 698 2074 850 2122; x_wconf 85' lang='lat' dir='ltr'><strong>rotae</strong></span> <span class='ocrx_word' id='word_1_133' title='bbox 890 2060 1146 2143; x_wconf 88' lang='lat' dir='ltr'><strong>alicujus</strong></span> <span class='ocrx_word' id='word_1_134' title='bbox 1192 2074 1404 2146; x_wconf 88' lang='lat' dir='ltr'><strong>centro</strong></span> <span class='ocrx_word' id='word_1_135' title='bbox 1453 2065 1510 2125; x_wconf 84' lang='lat' dir='ltr'><em>O</em></span> <span class='ocrx_word' id='word_1_136' title='bbox 1553 2078 1855 2127; x_wconf 89' lang='lat' dir='ltr'><strong>exeuntes</strong></span> <span class='ocrx_word' id='word_1_137' title='bbox 1901 2066 2055 2126; x_wconf 89' lang='lat' dir='ltr'><strong>radii</strong></span> <span class='ocrx_word' id='word_1_138' title='bbox 2103 2063 2440 2146; x_wconf 76' lang='lat' dir='ltr'><strong>inaequales</strong></span> <span class='ocrx_word' id='word_1_139' title='bbox 2477 2065 2655 2137; x_wconf 88' lang='lat' dir='ltr'><strong>OM,</strong></span> 
     </span>
     <span class='ocr_line' id='line_1_19' title="bbox 221 2158 2659 2245; baseline 0 -23"><span class='ocrx_word' id='word_1_140' title='bbox 221 2161 278 2222; x_wconf 86' lang='lat' dir='ltr'><em>O</em></span> <span class='ocrx_word' id='word_1_141' title='bbox 298 2161 384 2221; x_wconf 95' lang='lat' dir='ltr'><em>N</em></span> <span class='ocrx_word' id='word_1_142' title='bbox 420 2158 538 2220; x_wconf 90' lang='lat' dir='ltr'><strong>filis</strong></span> <span class='ocrx_word' id='word_1_143' title='bbox 581 2160 777 2231; x_wconf 89' lang='lat' dir='ltr'><strong>MA,</strong></span> <span class='ocrx_word' id='word_1_144' title='bbox 808 2161 894 2220; x_wconf 94' lang='lat' dir='ltr'><em>N</em></span> <span class='ocrx_word' id='word_1_145' title='bbox 904 2161 968 2219; x_wconf 86' lang='lat' dir='ltr'><em>P</em></span> <span class='ocrx_word' id='word_1_146' title='bbox 1010 2161 1357 2222; x_wconf 84' lang='lat' dir='ltr'><strong>sustineant</strong></span> <span class='ocrx_word' id='word_1_147' title='bbox 1399 2164 1679 2242; x_wconf 88' lang='lat' dir='ltr'><strong>pondera</strong></span> <span class='ocrx_word' id='word_1_148' title='bbox 1707 2166 1775 2226; x_wconf 88' lang='lat' dir='ltr'><strong>A</strong></span> <span class='ocrx_word' id='word_1_149' title='bbox 1815 2165 1875 2226; x_wconf 84' lang='lat'>&amp;</span> <span class='ocrx_word' id='word_1_150' title='bbox 1903 2167 1981 2238; x_wconf 86' lang='lat' dir='ltr'><strong>P,</strong></span> <span class='ocrx_word' id='word_1_151' title='bbox 2016 2165 2077 2225; x_wconf 84' lang='lat'>&amp;</span> <span class='ocrx_word' id='word_1_152' title='bbox 2107 2176 2466 2245; x_wconf 83' lang='lat' dir='ltr'><strong>quaerantur</strong></span> <span class='ocrx_word' id='word_1_153' title='bbox 2494 2163 2659 2223; x_wconf 91' lang='lat' dir='ltr'><strong>vires</strong></span> 
     </span>
     <span class='ocr_line' id='line_1_20' title="bbox 213 2257 2657 2346; baseline 0.002 -28"><span class='ocrx_word' id='word_1_154' title='bbox 213 2258 562 2339; x_wconf 88' lang='lat' dir='ltr'><strong>ponderum</strong></span> <span class='ocrx_word' id='word_1_155' title='bbox 607 2257 688 2318; x_wconf 91' lang='lat' dir='ltr'><strong>ad</strong></span> <span class='ocrx_word' id='word_1_156' title='bbox 719 2258 1099 2319; x_wconf 89' lang='lat' dir='ltr'><strong>movendam</strong></span> <span class='ocrx_word' id='word_1_157' title='bbox 1131 2272 1328 2320; x_wconf 93' lang='lat' dir='ltr'><strong>rotam</strong></span> <span class='ocrx_word' id='word_1_158' title='bbox 1361 2283 1372 2320; x_wconf 74' lang='grc' dir='ltr'>ε</span> <span class='ocrx_word' id='word_1_159' title='bbox 1425 2261 1545 2323; x_wconf 92' lang='lat' dir='ltr'><strong>Per</strong></span> <span class='ocrx_word' id='word_1_160' title='bbox 1573 2276 1852 2324; x_wconf 90' lang='lat' dir='ltr'><strong>centrum</strong></span> <span class='ocrx_word' id='word_1_161' title='bbox 1889 2265 1946 2325; x_wconf 83' lang='lat' dir='ltr'><em>O</em></span> <span class='ocrx_word' id='word_1_162' title='bbox 1972 2277 2195 2346; x_wconf 84' lang='lat' dir='ltr'><strong>agatur</strong></span> <span class='ocrx_word' id='word_1_163' title='bbox 2225 2276 2392 2324; x_wconf 90' lang='lat' dir='ltr'><strong>recta</strong></span> <span class='ocrx_word' id='word_1_164' title='bbox 2420 2263 2501 2323; x_wconf 88' lang='lat' dir='ltr'><em>K</em></span> <span class='ocrx_word' id='word_1_165' title='bbox 2520 2263 2576 2323; x_wconf 83' lang='grc' dir='ltr'><em>Ο</em></span> <span class='ocrx_word' id='word_1_166' title='bbox 2596 2263 2657 2323; x_wconf 89' lang='lat' dir='ltr'><em>L</em></span> 
     </span>
    </p>
   </div>
   <div class='ocr_carea' id='block_1_11' title="bbox 150 2354 2658 2538">
    <p class='ocr_par' dir='ltr' id='par_1_12' title="bbox 150 2354 2658 2538">
     <span class='ocr_line' id='line_1_21' title="bbox 150 2354 2658 2441; baseline 0.001 -24"><span class='ocrx_word' id='word_1_167' title='bbox 150 2412 163 2423; x_wconf 86' lang='grc'><strong><em>,</em></strong></span> <span class='ocrx_word' id='word_1_168' title='bbox 215 2355 332 2424; x_wconf 86' lang='lat' dir='ltr'><strong>filis</strong></span> <span class='ocrx_word' id='word_1_169' title='bbox 370 2354 964 2436; x_wconf 83' lang='lat' dir='ltr'><strong>perpendiculariter</strong></span> <span class='ocrx_word' id='word_1_170' title='bbox 1013 2378 1338 2419; x_wconf 91' lang='lat' dir='ltr'><strong>occurrens</strong></span> <span class='ocrx_word' id='word_1_171' title='bbox 1381 2359 1441 2419; x_wconf 90' lang='lat' dir='ltr'><strong>in</strong></span> <span class='ocrx_word' id='word_1_172' title='bbox 1490 2361 1571 2421; x_wconf 88' lang='lat' dir='ltr'><em>K</em></span> <span class='ocrx_word' id='word_1_173' title='bbox 1605 2362 1730 2422; x_wconf 89' lang='lat' dir='ltr'><strong>and</strong></span> <span class='ocrx_word' id='word_1_174' title='bbox 1776 2362 1854 2434; x_wconf 91' lang='lat' dir='ltr'><strong>L,</strong></span> <span class='ocrx_word' id='word_1_175' title='bbox 1889 2375 2228 2441; x_wconf 87' lang='lat' dir='ltr'><strong>centroque</strong></span> <span class='ocrx_word' id='word_1_176' title='bbox 2277 2361 2333 2422; x_wconf 85' lang='lat'><em>0</em></span> <span class='ocrx_word' id='word_1_177' title='bbox 2378 2358 2439 2421; x_wconf 83' lang='lat'>&amp;</span> <span class='ocrx_word' id='word_1_178' title='bbox 2474 2360 2658 2420; x_wconf 91' lang='lat' dir='ltr'><strong>inter-</strong></span> 
     </span>
     <span class='ocr_line' id='line_1_22' title="bbox 213 2453 1387 2538; baseline 0.003 -22"><span class='ocrx_word' id='word_1_179' title='bbox 213 2453 516 2517; x_wconf 88' lang='lat' dir='ltr'><strong>vallorum</strong></span> <span class='ocrx_word' id='word_1_180' title='bbox 573 2454 733 2526; x_wconf 75' lang='lat' dir='ltr'><strong>GK,</strong></span> <span class='ocrx_word' id='word_1_181' title='bbox 785 2454 919 2516; x_wconf 84' lang='lat' dir='ltr'><strong>OL</strong></span> <span class='ocrx_word' id='word_1_182' title='bbox 969 2457 1202 2538; x_wconf 91' lang='lat' dir='ltr'><strong>majore</strong></span> <span class='ocrx_word' id='word_1_183' title='bbox 1258 2458 1387 2519; x_wconf 74' lang='grc' dir='ltr'><strong>ΟΖ,</strong></span> 
     </span>
    </p>
   </div>
   <div class='ocr_carea' id='block_1_12' title="bbox 1562 2493 2647 2872">
    <p class='ocr_par' dir='ltr' id='par_1_13' title="bbox 1562 2493 2647 2872">
     <span class='ocr_line' id='line_1_23' title="bbox 1562 2493 2647 2872; baseline 0 0"><span class='ocrx_word' id='word_1_184' title='bbox 1562 2493 2647 2872; x_wconf 95' lang='lat' dir='ltr'><strong>    </strong></span> 
     </span>
    </p>
   </div>
   <div class='ocr_carea' id='block_1_13' title="bbox 126 2552 1634 3031">
    <p class='ocr_par' dir='ltr' id='par_1_14' title="bbox 126 2552 1634 3031">
     <span class='ocr_line' id='line_1_24' title="bbox 216 2552 1619 2647; baseline 0 -31"><span class='ocrx_word' id='word_1_185' title='bbox 216 2555 601 2616; x_wconf 91' lang='lat' dir='ltr'><strong>describatur</strong></span> <span class='ocrx_word' id='word_1_186' title='bbox 629 2552 888 2615; x_wconf 90' lang='lat' dir='ltr'><strong>circulus</strong></span> <span class='ocrx_word' id='word_1_187' title='bbox 924 2575 1254 2616; x_wconf 89' lang='lat' dir='ltr'><strong>occurrens</strong></span> <span class='ocrx_word' id='word_1_188' title='bbox 1286 2555 1389 2616; x_wconf 90' lang='lat' dir='ltr'><strong>filo</strong></span> <span class='ocrx_word' id='word_1_189' title='bbox 1501 2591 1551 2629; x_wconf 81' lang='lat' dir='ltr'><strong>M</strong></span> <span class='ocrx_word' id='word_1_190' title='bbox 1576 2628 1619 2647; x_wconf 36' lang='grc' dir='ltr'>χ</span> 
     </span>
     <span class='ocr_line' id='line_1_25' title="bbox 216 2648 1634 2716; baseline 0.001 -2"><span class='ocrx_word' id='word_1_191' title='bbox 216 2653 385 2714; x_wconf 88' lang='lat' dir='ltr'><strong>MA</strong></span> <span class='ocrx_word' id='word_1_192' title='bbox 445 2653 506 2713; x_wconf 91' lang='lat' dir='ltr'><strong>in</strong></span> <span class='ocrx_word' id='word_1_193' title='bbox 557 2653 665 2714; x_wconf 88' lang='lat' dir='ltr'><strong>D:</strong></span> <span class='ocrx_word' id='word_1_194' title='bbox 711 2651 772 2713; x_wconf 83' lang='lat'>&amp;</span> <span class='ocrx_word' id='word_1_195' title='bbox 816 2666 970 2714; x_wconf 82' lang='lat' dir='ltr'><strong>actae</strong></span> <span class='ocrx_word' id='word_1_196' title='bbox 1015 2667 1200 2715; x_wconf 83' lang='lat' dir='ltr'><strong>rectae</strong></span> <span class='ocrx_word' id='word_1_197' title='bbox 1249 2655 1393 2716; x_wconf 88' lang='lat' dir='ltr'><strong>OD</strong></span> <span class='ocrx_word' id='word_1_198' title='bbox 1621 2648 1634 2654; x_wconf 24' lang='lat' dir='ltr'>x</span> 
     </span>
     <span class='ocr_line' id='line_1_26' title="bbox 216 2749 1388 2833; baseline 0.003 -22"><span class='ocrx_word' id='word_1_199' title='bbox 216 2749 509 2832; x_wconf 89' lang='lat' dir='ltr'><strong>parallela</strong></span> <span class='ocrx_word' id='word_1_200' title='bbox 552 2751 634 2812; x_wconf 93' lang='lat' dir='ltr'><strong>sit</strong></span> <span class='ocrx_word' id='word_1_201' title='bbox 675 2751 743 2811; x_wconf 92' lang='lat' dir='ltr'><strong>A</strong></span> <span class='ocrx_word' id='word_1_202' title='bbox 765 2751 832 2823; x_wconf 87' lang='lat' dir='ltr'><strong>C,</strong></span> <span class='ocrx_word' id='word_1_203' title='bbox 886 2751 947 2812; x_wconf 84' lang='lat'>&amp;</span> <span class='ocrx_word' id='word_1_204' title='bbox 982 2754 1388 2833; x_wconf 90' lang='lat' dir='ltr'><strong>perpendicu-</strong></span> 
     </span>
     <span class='ocr_line' id='line_1_27' title="bbox 216 2848 1388 2928; baseline 0.003 -17"><span class='ocrx_word' id='word_1_205' title='bbox 216 2848 359 2911; x_wconf 90' lang='lat' dir='ltr'><strong>laris</strong></span> <span class='ocrx_word' id='word_1_206' title='bbox 388 2850 538 2911; x_wconf 85' lang='lat' dir='ltr'><strong>DC.</strong></span> <span class='ocrx_word' id='word_1_207' title='bbox 632 2849 946 2928; x_wconf 78' lang='lat' dir='ltr'><strong>Quoniam</strong></span> <span class='ocrx_word' id='word_1_208' title='bbox 993 2850 1141 2912; x_wconf 89' lang='lat' dir='ltr'><strong>nihil</strong></span> <span class='ocrx_word' id='word_1_209' title='bbox 1188 2853 1388 2926; x_wconf 89' lang='lat' dir='ltr'><strong>refert,</strong></span> 
     </span>
     <span class='ocr_line' id='line_1_28' title="bbox 126 2947 1556 3031; baseline 0.002 -21"><span class='ocrx_word' id='word_1_210' title='bbox 126 2997 130 3001; x_wconf 81' lang='grc'><em>.</em></span> <span class='ocrx_word' id='word_1_211' title='bbox 217 2961 423 3031; x_wconf 88' lang='lat' dir='ltr'><strong>utrum</strong></span> <span class='ocrx_word' id='word_1_212' title='bbox 483 2947 728 3011; x_wconf 90' lang='lat' dir='ltr'><strong>filorum</strong></span> <span class='ocrx_word' id='word_1_213' title='bbox 788 2964 1018 3030; x_wconf 89' lang='lat' dir='ltr'><strong>puncta</strong></span> <span class='ocrx_word' id='word_1_214' title='bbox 1076 2952 1165 3028; x_wconf 85' lang='lat' dir='ltr'><strong>K,</strong></span> <span class='ocrx_word' id='word_1_215' title='bbox 1198 2952 1280 3027; x_wconf 90' lang='lat' dir='ltr'><strong>L,</strong></span> <span class='ocrx_word' id='word_1_216' title='bbox 1321 2954 1393 3013; x_wconf 96' lang='lat' dir='ltr'><strong>D</strong></span> <span class='ocrx_word' id='word_1_217' title='bbox 1521 2993 1556 3028; x_wconf 71' lang='lat'>0</span> 
     </span>
    </p>
   </div>
   <div class='ocr_carea' id='block_1_14' title="bbox 198 2621 1774 3608">
    <p class='ocr_par' dir='ltr' id='par_1_15' title="bbox 198 2621 1774 3579">
     <span class='ocr_line' id='line_1_29' title="bbox 1561 2621 1774 2848; baseline 0 0"><span class='ocrx_word' id='word_1_218' title='bbox 1561 2621 1774 2848; x_wconf 46' lang='lat' dir='ltr'><strong>L*</strong></span> 
     </span>
     <span class='ocr_line' id='line_1_30' title="bbox 198 3024 1745 3579; baseline 0.003 -470"><span class='ocrx_word' id='word_1_219' title='bbox 198 3024 405 3110; x_wconf 24' lang='lat' dir='ltr'><strong>&#39;affixa</strong></span> <span class='ocrx_word' id='word_1_220' title='bbox 426 3049 551 3111; x_wconf 91' lang='lat' dir='ltr'><strong>sint</strong></span> <span class='ocrx_word' id='word_1_221' title='bbox 572 3070 650 3110; x_wconf 87' lang='lat' dir='ltr'><strong>an</strong></span> <span class='ocrx_word' id='word_1_222' title='bbox 675 3070 800 3110; x_wconf 91' lang='lat' dir='ltr'><strong>non</strong></span> <span class='ocrx_word' id='word_1_223' title='bbox 824 3049 1011 3111; x_wconf 87' lang='lat' dir='ltr'><strong>affixa</strong></span> <span class='ocrx_word' id='word_1_224' title='bbox 1032 3051 1112 3111; x_wconf 93' lang='lat' dir='ltr'><strong>ad</strong></span> <span class='ocrx_word' id='word_1_225' title='bbox 1137 3050 1390 3131; x_wconf 91' lang='lat' dir='ltr'><strong>planum</strong></span> <span class='ocrx_word' id='word_1_226' title='bbox 1567 3029 1745 3579; x_wconf 51' lang='lat' dir='ltr'>k</span> 
     </span>
     <span class='ocr_line' id='line_1_31' title="bbox 221 3148 1393 3229; baseline 0.003 -20"><span class='ocrx_word' id='word_1_227' title='bbox 221 3161 374 3210; x_wconf 84' lang='lat' dir='ltr'><strong>rotae</strong></span> <span class='ocrx_word' id='word_1_228' title='bbox 397 3170 410 3221; x_wconf 88' lang='lat'>;</span> <span class='ocrx_word' id='word_1_229' title='bbox 454 3148 734 3229; x_wconf 91' lang='lat' dir='ltr'><strong>pondera</strong></span> <span class='ocrx_word' id='word_1_230' title='bbox 777 3149 943 3210; x_wconf 92' lang='lat' dir='ltr'><strong>idem</strong></span> <span class='ocrx_word' id='word_1_231' title='bbox 974 3148 1287 3224; x_wconf 90' lang='lat' dir='ltr'><strong>valebunt,</strong></span> <span class='ocrx_word' id='word_1_232' title='bbox 1320 3174 1393 3213; x_wconf 92' lang='lat' dir='ltr'><strong>ac</strong></span> 
     </span>
    </p>

    <p class='ocr_par' dir='ltr' id='par_1_16' title="bbox 1541 3554 1594 3608">
     <span class='ocr_line' id='line_1_32' title="bbox 1541 3554 1594 3608; baseline 0 -14"><span class='ocrx_word' id='word_1_233' title='bbox 1541 3554 1594 3608; x_wconf 53' lang='lat' dir='ltr'><strong>fi</strong></span> 
     </span>
    </p>
   </div>
   <div class='ocr_carea' id='block_1_15' title="bbox 1516 2812 1555 2852">
    <p class='ocr_par' dir='ltr' id='par_1_17' title="bbox 1516 2812 1555 2852">
     <span class='ocr_line' id='line_1_33' title="bbox 1516 2812 1555 2852; baseline 0.026 -1"><span class='ocrx_word' id='word_1_234' title='bbox 1516 2812 1555 2852; x_wconf 85' lang='lat' dir='ltr'><strong>l(</strong></span> 
     </span>
    </p>
   </div>
   <div class='ocr_carea' id='block_1_16' title="bbox 219 3247 2659 3928">
    <p class='ocr_par' dir='ltr' id='par_1_18' title="bbox 219 3247 2659 3928">
     <span class='ocr_line' id='line_1_34' title="bbox 219 3247 1392 3329; baseline 0.004 -21"><span class='ocrx_word' id='word_1_235' title='bbox 219 3247 271 3308; x_wconf 90' lang='lat' dir='ltr'><strong>si</strong></span> <span class='ocrx_word' id='word_1_236' title='bbox 308 3247 837 3328; x_wconf 91' lang='lat' dir='ltr'><strong>suspenderentur</strong></span> <span class='ocrx_word' id='word_1_237' title='bbox 872 3270 910 3309; x_wconf 93' lang='lat' dir='ltr'><strong>a</strong></span> <span class='ocrx_word' id='word_1_238' title='bbox 946 3251 1191 3329; x_wconf 91' lang='lat' dir='ltr'><strong>punctis</strong></span> <span class='ocrx_word' id='word_1_239' title='bbox 1228 3251 1310 3311; x_wconf 89' lang='lat' dir='ltr'><em>K</em></span> <span class='ocrx_word' id='word_1_240' title='bbox 1332 3251 1392 3313; x_wconf 69' lang='lat'><strong>81</strong></span> 
     </span>
     <span class='ocr_line' id='line_1_35' title="bbox 219 3346 1390 3413; baseline 0.004 -5"><span class='ocrx_word' id='word_1_241' title='bbox 219 3347 280 3408; x_wconf 93' lang='lat' dir='ltr'><em>L</em></span> <span class='ocrx_word' id='word_1_242' title='bbox 319 3346 420 3408; x_wconf 89' lang='lat' dir='ltr'><strong>vel</strong></span> <span class='ocrx_word' id='word_1_243' title='bbox 456 3348 528 3408; x_wconf 97' lang='lat' dir='ltr'><strong>D</strong></span> <span class='ocrx_word' id='word_1_244' title='bbox 564 3347 625 3408; x_wconf 86' lang='lat'>&amp;</span> <span class='ocrx_word' id='word_1_245' title='bbox 660 3348 740 3408; x_wconf 88' lang='lat' dir='ltr'><strong>L.</strong></span> <span class='ocrx_word' id='word_1_246' title='bbox 838 3348 1137 3410; x_wconf 91' lang='lat' dir='ltr'><strong>Ponderis</strong></span> <span class='ocrx_word' id='word_1_247' title='bbox 1181 3364 1390 3413; x_wconf 90' lang='lat' dir='ltr'><strong>autem</strong></span> 
     </span>
     <span class='ocr_line' id='line_1_36' title="bbox 219 3446 1390 3529; baseline 0.006 -23"><span class='ocrx_word' id='word_1_248' title='bbox 219 3446 287 3506; x_wconf 96' lang='lat' dir='ltr'><strong>A</strong></span> <span class='ocrx_word' id='word_1_249' title='bbox 323 3459 672 3527; x_wconf 88' lang='lat' dir='ltr'><strong>exponatur</strong></span> <span class='ocrx_word' id='word_1_250' title='bbox 699 3448 795 3508; x_wconf 90' lang='lat' dir='ltr'><strong>vis</strong></span> <span class='ocrx_word' id='word_1_251' title='bbox 841 3460 972 3510; x_wconf 90' lang='lat' dir='ltr'><strong>tota</strong></span> <span class='ocrx_word' id='word_1_252' title='bbox 1015 3470 1129 3529; x_wconf 91' lang='lat' dir='ltr'><strong>per</strong></span> <span class='ocrx_word' id='word_1_253' title='bbox 1163 3449 1390 3513; x_wconf 92' lang='lat' dir='ltr'><strong>lineam</strong></span> 
     </span>
     <span class='ocr_line' id='line_1_37' title="bbox 219 3544 1568 3618; baseline 0.007 -14"><span class='ocrx_word' id='word_1_254' title='bbox 219 3544 287 3604; x_wconf 93' lang='lat' dir='ltr'><strong>A</strong></span> <span class='ocrx_word' id='word_1_255' title='bbox 310 3545 397 3618; x_wconf 87' lang='lat' dir='ltr'><strong>D,</strong></span> <span class='ocrx_word' id='word_1_256' title='bbox 447 3545 508 3607; x_wconf 85' lang='lat'>&amp;</span> <span class='ocrx_word' id='word_1_257' title='bbox 547 3546 682 3608; x_wconf 86' lang='lat' dir='ltr'><strong>haec</strong></span> <span class='ocrx_word' id='word_1_258' title='bbox 732 3545 1077 3610; x_wconf 91' lang='lat' dir='ltr'><strong>resolvetur</strong></span> <span class='ocrx_word' id='word_1_259' title='bbox 1119 3550 1181 3610; x_wconf 89' lang='lat' dir='ltr'><strong>in</strong></span> <span class='ocrx_word' id='word_1_260' title='bbox 1226 3552 1391 3612; x_wconf 89' lang='lat' dir='ltr'><strong>vires</strong></span> <span class='ocrx_word' id='word_1_261' title='bbox 1559 3598 1568 3602; x_wconf 23' lang='lat' dir='ltr'>x</span> 
     </span>
     <span class='ocr_line' id='line_1_38' title="bbox 220 3625 1595 3725; baseline 0.009 -23"><span class='ocrx_word' id='word_1_262' title='bbox 220 3642 289 3702; x_wconf 87' lang='lat' dir='ltr'><em>A</em></span> <span class='ocrx_word' id='word_1_263' title='bbox 319 3642 384 3714; x_wconf 80' lang='lat' dir='ltr'><strong>c,</strong></span> <span class='ocrx_word' id='word_1_264' title='bbox 421 3643 574 3717; x_wconf 80' lang='lat' dir='ltr'><strong>co,</strong></span> <span class='ocrx_word' id='word_1_265' title='bbox 608 3666 868 3725; x_wconf 76' lang='lat' dir='ltr'><strong>quarum</strong></span> <span class='ocrx_word' id='word_1_266' title='bbox 898 3648 967 3709; x_wconf 86' lang='lat' dir='ltr'><strong>A</strong></span> <span class='ocrx_word' id='word_1_267' title='bbox 998 3649 1056 3709; x_wconf 81' lang='lat' dir='ltr'><strong>c</strong></span> <span class='ocrx_word' id='word_1_268' title='bbox 1086 3649 1392 3712; x_wconf 79' lang='lat' dir='ltr'><strong>trahendo</strong></span> <span class='ocrx_word' id='word_1_269' title='bbox 1545 3625 1595 3662; x_wconf 69' lang='lat' dir='ltr'><strong>A</strong></span> 
     </span>
     <span class='ocr_line' id='line_1_39' title="bbox 222 3739 2659 3818; baseline 0.003 -19"><span class='ocrx_word' id='word_1_270' title='bbox 222 3739 460 3801; x_wconf 88' lang='lat' dir='ltr'><strong>radium</strong></span> <span class='ocrx_word' id='word_1_271' title='bbox 517 3742 661 3804; x_wconf 88' lang='lat' dir='ltr'><strong>OD</strong></span> <span class='ocrx_word' id='word_1_272' title='bbox 705 3744 937 3806; x_wconf 91' lang='lat' dir='ltr'><strong>directe</strong></span> <span class='ocrx_word' id='word_1_273' title='bbox 984 3768 1022 3806; x_wconf 89' lang='lat' dir='ltr'><strong>a</strong></span> <span class='ocrx_word' id='word_1_274' title='bbox 1077 3760 1291 3810; x_wconf 92' lang='lat' dir='ltr'><strong>centro</strong></span> <span class='ocrx_word' id='word_1_275' title='bbox 1336 3747 1483 3809; x_wconf 89' lang='lat' dir='ltr'><strong>nihil</strong></span> <span class='ocrx_word' id='word_1_276' title='bbox 1530 3748 1697 3811; x_wconf 89' lang='lat' dir='ltr'><strong>valet</strong></span> <span class='ocrx_word' id='word_1_277' title='bbox 1740 3751 1820 3811; x_wconf 87' lang='lat' dir='ltr'><strong>ad</strong></span> <span class='ocrx_word' id='word_1_278' title='bbox 1866 3750 2241 3812; x_wconf 88' lang='lat' dir='ltr'><strong>movendam</strong></span> <span class='ocrx_word' id='word_1_279' title='bbox 2288 3760 2483 3810; x_wconf 88' lang='lat' dir='ltr'><strong>rotam</strong></span> <span class='ocrx_word' id='word_1_280' title='bbox 2506 3769 2518 3818; x_wconf 91' lang='lat'>;</span> <span class='ocrx_word' id='word_1_281' title='bbox 2563 3746 2659 3806; x_wconf 88' lang='lat' dir='ltr'><strong>vis</strong></span> 
     </span>
     <span class='ocr_line' id='line_1_40' title="bbox 221 3839 2656 3928; baseline 0.002 -31"><span class='ocrx_word' id='word_1_282' title='bbox 221 3851 428 3899; x_wconf 90' lang='lat' dir='ltr'><strong>autem</strong></span> <span class='ocrx_word' id='word_1_283' title='bbox 488 3839 678 3901; x_wconf 90' lang='lat' dir='ltr'><strong>altera</strong></span> <span class='ocrx_word' id='word_1_284' title='bbox 734 3843 806 3902; x_wconf 95' lang='lat' dir='ltr'><strong>D</strong></span> <span class='ocrx_word' id='word_1_285' title='bbox 838 3844 903 3914; x_wconf 85' lang='lat' dir='ltr'><strong>C,</strong></span> <span class='ocrx_word' id='word_1_286' title='bbox 966 3845 1268 3905; x_wconf 90' lang='lat' dir='ltr'><strong>trahendo</strong></span> <span class='ocrx_word' id='word_1_287' title='bbox 1328 3847 1566 3907; x_wconf 88' lang='lat' dir='ltr'><strong>radium</strong></span> <span class='ocrx_word' id='word_1_288' title='bbox 1625 3849 1776 3908; x_wconf 86' lang='lat' dir='ltr'><strong>DO</strong></span> <span class='ocrx_word' id='word_1_289' title='bbox 1831 3846 2429 3928; x_wconf 89' lang='lat' dir='ltr'><strong>perpendiculariter,</strong></span> <span class='ocrx_word' id='word_1_290' title='bbox 2493 3844 2656 3904; x_wconf 89' lang='lat' dir='ltr'><strong>idem</strong></span> 
     </span>
    </p>
   </div>
   <div class='ocr_carea' id='block_1_17' title="bbox 1595 3529 2647 3672">
    <p class='ocr_par' dir='ltr' id='par_1_19' title="bbox 1595 3529 2647 3672">
     <span class='ocr_line' id='line_1_41' title="bbox 1680 3529 2647 3566; baseline 0 658"><span class='ocrx_word' id='word_1_291' title='bbox 1680 3529 2647 3566; x_wconf 95' lang='lat' dir='ltr'><strong> </strong></span> 
     </span>
     <span class='ocr_line' id='line_1_42' title="bbox 1595 3566 2647 3672; baseline 0 0"><span class='ocrx_word' id='word_1_292' title='bbox 1595 3566 2647 3672; x_wconf 95' lang='lat' dir='ltr'><strong>  </strong></span> 
     </span>
    </p>
   </div>
  </div>
 </body>
</html>
