2852 4250
205 137 317 204 172
879 107 882 110 ⁴
1019 121 1136 171 DE
1152 103 1407 173 :MOTU
1433 117 1740 172 CORPOR
1752 119 1876 171 ΠΜ

192 295 275 357 ab
349 293 468 356 hac
541 291 1068 355 determinatione
1142 300 1321 352 tanto
1395 287 1600 371 magis
1673 283 1942 360 aberrat,
2009 298 2253 368 quanto
2325 286 2531 372 major
2602 301 2704 352 est

193 394 520 476 proportio
565 393 752 476 hujus
798 391 1000 454 tertiae
1057 390 1155 452 vis
1200 389 1283 451 ad
1328 388 1499 451 vires
1546 387 1806 469 prioreS,
1835 386 2101 450 caeteris
2152 386 2453 468 paribus:
2506 401 2703 472 atque

195 495 340 557 ideo
400 515 555 575 quae.
604 491 792 553 faciet
865 503 936 552 ut
1009 510 1236 571 corpus
1311 489 1390 562 P,
1468 487 1647 549 radio
1733 486 1799 547 T
1804 486 1887 564 P,
1967 507 2148 549 areas
2224 507 2353 549 non
2427 487 2701 570 amplius

194 594 587 676 temporibus
656 588 1161 673 proportionales
1230 588 1550 652 describat
1570 612 1583 663 ;
1652 599 1847 668 atque
1906 599 1978 648 ut
2036 587 2353 650 aberratio
2426 588 2509 651 ab
2583 588 2704 652 hac

192 690 778 778 proportionalitate
836 704 1014 753 tanto
1074 690 1277 772 major
1333 689 1430 762 sit,
1495 699 1738 770 quanto
1790 687 1997 774 major
2055 700 2155 749 est
2213 688 2543 769 proportio
2602 689 2702 751 vis

194 795 380 878 hujus
433 793 635 855 tertiae
681 790 763 852 ad
808 791 977 852 vires
1022 803 1301 852 caeteras.
1427 788 1620 851 Orbis
1666 810 1822 851 vero
1866 787 2019 849 PA
2044 787 2111 848 B
2153 788 2620 851 aberrationem
2665 810 2704 850 a

192 895 395 958 forma
446 889 1035 973 ellipticapraefata
1087 890 1224 952 haec
1276 891 1375 951 vis
1429 889 1616 952 tertia
1667 887 1903 970 duplici
1956 888 2039 950 de
2093 909 2285 950 causa
2337 888 2701 972 adaugebit,

192 1010 328 1058 tum
360 992 531 1075 quod
564 1013 690 1053 non
723 990 1032 1073 dirigatur
1061 1014 1099 1053 a
1128 993 1194 1053 P
1237 992 1319 1053 ad
1379 992 1450 1067 T,
1486 1003 1621 1052 tum
1668 990 1860 1051 etiam
1904 989 2077 1071 quod
2110 1010 2238 1051 non
2270 989 2354 1050 sit
2382 987 2703 1070 reciproce

191 1089 677 1177 proportionalis
710 1089 1023 1172 quadrato
1054 1091 1375 1153 distantiae
1398 1092 1464 1152 P
1486 1091 1554 1154 T.
1638 1090 1889 1171 Quibus
1915 1087 2265 1163 intellectiS,
2294 1088 2702 1152 manifestum

192 1209 303 1268 est,
339 1193 510 1276 quod
542 1214 708 1253 areae
755 1192 1147 1271 temporibus
1180 1206 1315 1255 tum
1363 1192 1642 1253 maxime
1688 1191 1848 1253 fiunt
1892 1189 2414 1273 proportionaleS,
2448 1191 2556 1253 ubi
2603 1192 2703 1254 vis

191 1295 391 1367 tertia,
427 1292 829 1354 manentibus
865 1292 1107 1354 viribus
1154 1292 1415 1366 caeteriS‚
1451 1292 1522 1355 fit
1567 1292 1862 1367 minima;
1912 1291 1974 1353 &
2020 1291 2195 1374 quod
2240 1291 2412 1355 orbis
2456 1292 2609 1354 PA
2637 1293 2705 1353 B

193 1410 328 1458 tum
382 1394 658 1456 maxime
711 1393 955 1473 accedit
1006 1394 1089 1455 ad
1143 1393 1474 1476 praefatam
1526 1392 1798 1455 formam
1853 1391 2210 1474 ellipticam,
2265 1392 2374 1454 ubi
2422 1392 2521 1455 vis
2571 1405 2703 1455 tam
2751 1473 2754 1476 Ι

191 1497 472 1561 secunda
524 1517 715 1578 quam
770 1496 969 1568 tertia,
1017 1495 1132 1558 sed
1185 1495 1505 1577 praecipue
1558 1495 1656 1556 vis
1706 1494 1892 1556 tertia
1942 1493 2012 1555 fit
2065 1493 2342 1567 minima,
2389 1493 2454 1555 vi
2499 1493 2706 1575 prima

193 1612 506 1662 manente.

308 2600 689 2682 Exponatur
719 2602 999 2683 corporis
1050 2603 1116 2663 T
1149 2605 1441 2667 attractio
1482 2603 1892 2667 acceleratrix
1938 2627 2163 2668 versus
2211 2606 2270 2668 S
2308 2628 2424 2688 per
2453 2603 2702 2682 *lineam

193 2701 250 2762 S
262 2701 349 2762 N
359 2727 383 2773 ‚·
430 2701 490 2762 &
521 2702 573 2763 si
605 2704 1011 2765 attractiones
1043 2704 1513 2769 acceleratrices
1559 2708 1618 2769 S
1635 2708 1736 2781 M
1773 2708 1830 2769 S
1843 2708 1931 2768 N
1968 2705 2247 2789 aequales
2284 2720 2534 2783 essent;
2582 2707 2700 2781 hae,

191 2801 502 2863 trahendo
532 2825 798 2885 corpora
841 2804 906 2864 T
941 2803 1002 2865 ἃ
1046 2806 1112 2866 P
1155 2807 1487 2889 aequaliter
1524 2809 1586 2871 &
1617 2808 1968 2871 secundum
1999 2807 2199 2870 lineas
2230 2805 2581 2890 parallelaS,
2615 2806 2701 2869 nil

192 2914 511 2963 mutarent
569 2904 761 2964 situm
822 2926 1043 2967 eorum
1102 2907 1185 2968 ad
1248 2909 1537 2972 invicem.
1639 2910 1844 2972 Iidem
1897 2910 2034 2993 jam
2096 2909 2306 2971 forent
2365 2930 2703 2990 corporum

193 3000 438 3063 illorum
489 3016 697 3065 motus
747 3005 911 3066 inter
957 3028 1028 3068 se
1081 3006 1221 3090 (per
1266 3008 1481 3093 legum
1531 3009 1718 3073 corol.
1783 3009 1874 3093 VI)
1928 3032 2001 3071 ac
2047 3010 2097 3071 si
2147 3009 2248 3071 hae
2285 3008 2699 3071 attractiones

192 3101 573 3166 tollerentur.
697 3105 786 3167 Et
816 3107 951 3187 pari
999 3109 1241 3172 ratione
1283 3111 1335 3172 si
1367 3112 1659 3174 attractio
1693 3112 1750 3173 S
1763 3113 1851 3172 N
1889 3111 2097 3173 minor
2126 3123 2298 3172 esset
2327 3110 2703 3173 attractione

194 3203 252 3263 S
269 3203 369 3276 M,
404 3202 651 3266 tolleret
683 3205 820 3286 ipsa
850 3210 1239 3272 attractionis
1273 3212 1331 3272 S
1344 3213 1439 3272 M
1479 3226 1725 3293 partem
1761 3212 1818 3273 S
1831 3212 1927 3284 N,
1963 3210 2026 3272 &
2070 3223 2359 3273 maneret
2388 3231 2536 3292 pars
2567 3207 2705 3272 sola
2790 3277 2794 3280 Δ

191 3304 391 3377 MN,
454 3327 581 3386 qua
627 3318 986 3387 temporum
1038 3309 1099 3371 δε
1158 3332 1447 3372 arearum
1497 3309 2053 3394 proportionalitas
2108 3310 2170 3372 ἃ
2222 3310 2447 3372 orbitae
2498 3310 2704 3373 forma

192 3402 297 3465 illa
326 3402 600 3486 elliptica
631 3409 1117 3487 perturbaretur.
1238 3410 1329 3472 Et
1372 3411 1661 3474 similiter
1690 3413 1742 3474 si
1775 3411 2068 3474 attractio
2100 3411 2158 3472 S
2170 3410 2259 3471 N
2298 3411 2502 3494 major
2531 3423 2704 3472 esset

190 3505 564 3568 attractione
597 3507 654 3567 S
671 3508 774 3580 M,
808 3510 1076 3570 oriretur
1119 3530 1200 3571 ex
1231 3510 1588 3573 differentia
1617 3511 1754 3575 sola
1782 3513 1976 3574 MN
2012 3511 2407 3594 perturbatio
2436 3531 2700 3592 propor-

190 3604 558 3668 tionalitatis
592 3607 653 3669 &
705 3609 944 3671 orbitae.
1040 3609 1149 3671 Sic
1201 3631 1318 3690 per
1368 3612 1810 3674 attractionem
1866 3614 1923 3674 S
1940 3614 2029 3674 N
2075 3611 2397 3674 reducitur
2446 3632 2703 3692 semper

189 3708 481 3770 attractio
541 3709 728 3770 tertia
800 3710 1089 3791 superior
1163 3709 1329 3770 SM
1392 3712 1475 3772 ad
1551 3713 1994 3775 attractionem
2054 3714 2254 3788 MN,
2325 3712 2701 3775 attractione

189 3807 393 3888 prima
424 3807 486 3869 &
531 3809 812 3871 secunda
857 3809 1259 3871 manentibus
1304 3831 1562 3890 prorsus
1611 3813 1958 3875 immutatis
1993 3838 2006 3877 z
2054 3813 2117 3876 &
2162 3826 2502 3896 propterea
2531 3833 2698 3874 areae

188 3929 261 3969 ac
293 3920 588 3989 tempora
624 3909 706 3970 'ad
754 3909 1426 3991 proportionalitatem,
1463 3913 1524 3975 ἃ
1570 3915 1775 3977 orbita
1803 3916 1955 3977 PA
1981 3917 2048 3977 B
2091 3916 2174 3978 ad
2219 3915 2698 3996 formamprae-
