2852 4250
2615 0 2667 14 -.,,

2709 52 2716 59 ο

181 128 300 188 392
963 106 1079 156 DE
1111 106 1190 156 M
1192 105 1400 158 UNDI
1424 105 1470 157 S
1480 105 1783 158 YSTEMA
1793 105 1891 156 TE

346 321 698 385 Distantiae
722 321 1069 384 satellitum
1098 342 1141 382 a
1168 327 1375 382 centro
1401 319 1667 382 saturni
1689 318 1760 381 z'n
1781 318 2258 385 semz'dz‘ametris
2282 323 2531 387 annuli.

249 477 342 526 Ex
364 477 772 527 observationibus
1177 474 1275 540 133
1546 473 1612 540 22}
1880 473 1949 541 3⁷}
2217 478 2249 526 8
2472 494 2532 540 24

251 561 345 610 Ex
366 560 658 624 temporibus
668 559 942 623 periodicas.
1169 574 1246 622 1,9
1251 575 1280 622 3
1540 570 1652 620 2,47
1874 572 1991 624 3‚45
2212 561 2244 610 8
2461 578 2487 611 2
2492 579 2540 627 3,
2545 579 2574 628 3
2581 576 2608 628 5

188 712 416 793 Quarti
447 709 734 774 satellitis
767 708 1091 792 elongatio
1122 709 1401 771 maxima
1431 732 1470 771 a
1500 723 1720 773 centro
1750 710 1991 772 saturni
2033 732 2114 773 ex
2145 712 2699 777 observationibus
2796 738 2823 786 χ

186 812 395 895 colligi
426 810 590 873 solet
619 832 763 872 esse
793 809 1412 872 semidiametrorum
1458 822 1604 872 octo
1641 811 2141 893 quamproxime.
2235 811 2333 875 At
2376 811 2701 898 elongatio

187 912 465 974 maxima
500 908 789 971 satellitis
835 909 1022 992 hujus
1053 932 1092 971 a
1136 923 1356 973 centro
1401 911 1659 984 saturni,
1694 910 2098 974 micrometro
2141 911 2386 994 optimo
2431 913 2495 975 in
2547 912 2700 978 tele-

186 1013 403 1093 scopio
456 1011 849 1094 Hugeniano
900 1011 1100 1093 pedes
1147 1032 1263 1090 123
1318 1009 1513 1095 longo
1566 1025 1769 1094 capta,
1803 1012 2039 1094 prodiit
2083 1014 2702 1079 semidiametrorum

187 1126 333 1175 octo
378 1134 521 1174 cum
569 1124 819 1193 septem
850 1112 1114 1174 decimis
1167 1113 1453 1194 partibus
1506 1113 1977 1177 semidiametri.
2076 1114 2166 1178 Et
2197 1137 2277 1178 ex
2323 1115 2442 1179 hac
2487 1116 2703 1179 obser-

188 1214 446 1276 vatione
480 1212 541 1274 8ε
572 1213 965 1294 temporibus
998 1213 1352 1294 periodiciS,
1386 1214 1708 1277 distantiae
1754 1214 2097 1278 satellitum
2129 1238 2167 1278 a
2197 1230 2417 1280 centro
2462 1217 2704 1279 saturni

190 1315 253 1375 in
300 1313 788 1376 semidiametris
842 1313 1057 1375 annuli
1110 1327 1263 1376 sunt
1303 1301 1443 1390 '2,15
1486 1320 1655 1392 2,69;
1692 1332 1860 1395 3,75;
1897 1318 1997 1395 8,7
2032 1316 2094 1378 8ε
2144 1334 2348 1397 25,35.
2442 1317 2703 1380 Saturni

188 1414 501 1476 diameter
553 1414 615 1475 in
669 1414 899 1477 eodem
952 1413 1300 1496 telescopio
1332 1429 1467 1478 erat
1497 1416 1580 1477 ad
1626 1416 2010 1479 diametrum
2055 1416 2271 1479 annuli
2302 1430 2374 1480 ut
2429 1438 2462 1498 3
2514 1418 2598 1480 ad
2650 1435 2701 1498 7,
2755 1494 2767 1500 -

195 1514 258 1576 &
309 1514 622 1576 diameter
673 1514 887 1576 annuli
943 1516 1169 1578 diebus
1228 1518 1387 1579 Maii
1445 1521 1524 1579 28
1577 1517 1639 1580 &
1695 1539 1775 1596 29
1829 1519 1979 1580 anni
2039 1538 2200 1599 1719
2267 1520 2504 1602 prodiit
2555 1514 2741 1600 43''.‘

196 1614 287 1676 Et
332 1614 481 1676 inde
512 1614 826 1676 diameter
855 1615 1069 1678 annuli
1105 1618 1165 1679 in
1215 1618 1517 1681 mediocri
1564 1619 1804 1680 saturni
1837 1642 1876 1681 a
1907 1632 2076 1682 terra
2120 1620 2423 1683 distantia
2452 1634 2551 1684 est
2581 1619 2707 1700 42⁰

192 1713 255 1775 &
307 1714 619 1776 diameter
676 1716 917 1777 saturni
981 1718 1114 1779 18''.
1218 1718 1384 1780 Haec
1444 1718 1532 1780 ita
1580 1733 1729 1782 sunt
1788 1719 1851 1781 in
1905 1719 2266 1803 telescopiis
2319 1719 2707 1805 longissimis

193 1816 255 1877 &
300 1817 574 1897 optimiS‚
622 1831 961 1898 propterea
1006 1820 1179 1900 quod
1227 1821 1701 1904 magnitudines
1746 1836 2129 1903 apparentes
2175 1845 2510 1905 corporum
2557 1822 2706 1886 coel-

193 1917 423 1978 estium
471 1917 534 1978 in
583 1915 974 2000 longioribus
1010 1918 1369 2001 telescopiis
1415 1922 1723 2004 majorem
1777 1922 2057 1999 habeant
2101 1926 2578 2007 proportionem
2625 1927 2708 1988 ad

190 2017 627 2079 dilatationem
658 2016 814 2080 lucis
847 2019 909 2079 in
956 2020 1241 2081 terminis
1275 2020 1523 2083 illorum
1570 2045 1904 2105 corporum
1939 2047 2131 2108 quam
2179 2027 2242 2088 in
2289 2027 2703 2091 brevioribus,

192 2119 262 2180 Si
302 2119 618 2202 rejiciatur
647 2118 756 2182 lux
788 2120 995 2182 omnis
1041 2122 1324 2198 erratica,
1360 2123 1643 2186 manebit
1674 2124 1987 2188 diameter
2016 2128 2258 2190 saturni
2290 2127 2461 2189 haud
2507 2128 2711 2212 major
2835 2127 2852 2196 i

193 2242 385 2302 quam
428 2219 559 2282 16''.

883 2449 1776 2514 PHAENOMENON
1864 2453 2024 2517 III.

314 2617 620 2680 Planetas
647 2618 922 2701 quinque
947 2620 1308 2700 primarios
1337 2621 1736 2696 mercurium,
1763 2644 2051 2698 venerem,
2085 2633 2367 2698 martem,
2379 2625 2595 2708 jovem

764 2738 847 2802 (οἵ
874 2745 1218 2799 saturnum
1249 2739 1497 2801 orbibus
1524 2739 1656 2803 suis
1682 2741 1866 2802 solem
1895 2743 2147 2826 cingere.
2814 2755 2820 2795 l

318 2903 707 2967 Mercurium
764 2907 824 2968 ἃ
878 2930 1181 2970 venerem
1236 2909 1400 2971 circa
1448 2908 1651 2972 solem
1705 2911 1949 2974 revolvi
1996 2935 2077 2975 ex
2130 2936 2351 2977 eorum
2404 2915 2710 2997 phasibus
2811 2918 2852 2986 l}

198 3002 520 3066 lunaribus
552 3006 1037 3072 demonstratur.
1136 3009 1333 3072 Plena
1363 3011 1523 3073 facie
1576 3010 1859 3074 lucentes
1908 3011 2072 3075 ultra
2123 3013 2324 3077 solem
2370 3016 2472 3077 siti
2519 3029 2709 3090 sunt;

198 3104 528 3166 dimidiata
552 3129 587 3167 e
612 3109 872 3190 regione
896 3108 1046 3171 solis
1074 3135 1085 3185 ;
1133 3109 1362 3173 falcata
1392 3112 1480 3173 cis
1512 3110 1729 3186 solem,
1756 3135 1873 3194 per
1895 3114 2140 3176 discum
2165 3116 2301 3198 ejus
2333 3116 2416 3177 ad
2449 3117 2712 3179 modum

200 3202 587 3266 macularum
621 3229 1077 3291 nonnunquam
1125 3224 1541 3275 transeuntes,
1641 3213 1746 3274 Ex
1778 3216 1996 3277 martis
2029 3238 2287 3298 quoque
2318 3215 2508 3299 plena
2551 3217 2712 3279 facie
2844 3277 2852 3288 ,,

197 3327 397 3387 prope
429 3306 579 3369 solis
612 3310 1136 3391 conjunctionem,
1173 3313 1234 3374 &
1263 3315 1535 3396 gibbosa
1566 3315 1627 3376 in
1661 3316 2079 3397 quadraturis,
2114 3331 2355 3380 certum
2387 3331 2503 3394 est,
2537 3317 2712 3400 quod
2804 3340 2806 3342 ·

199 3407 250 3468 is
283 3406 482 3488 solem
515 3409 728 3470 ambit.
829 3411 931 3473 De
968 3413 1123 3495 jove
1155 3415 1346 3475 etiam
1381 3414 1443 3476 &
1488 3430 1751 3478 saturno
1798 3417 1967 3478 idem
2014 3439 2095 3479 ex
2140 3439 2360 3480 eorum
2406 3418 2711 3500 phasibus

198 3530 454 3590 semper
481 3508 687 3591 plenis
719 3511 1192 3576 demonstratur
1224 3539 1235 3577 :
1283 3516 1400 3578 hos
1433 3519 1604 3579 enirn
1636 3517 1775 3580 luce
1820 3541 1858 3580 a
1889 3516 2023 3580 sole
2054 3532 2344 3581 mutuata
2373 3518 2711 3601 splendere

199 3632 279 3671 ex
311 3610 551 3672 umbris
582 3611 925 3675 satellitum
957 3615 1019 3676 in
1053 3616 1225 3696 ipsos
1257 3619 1555 3700 projectis
1588 3619 1995 3682 manifestum
2027 3633 2140 3682 est.
