2852 4250
1055 102 1291 150 LIBER
1325 103 1418 152 SE
1425 104 1470 152 C
1478 104 1637 182 UND
1649 104 1745 152 US.
2490 118 2566 191 38
2581 137 2601 175 1

185 266 356 328 tione
386 264 447 325 &
476 261 910 334 retardatione,
944 282 1134 340 quam
1162 263 1289 323 sint
1318 283 1533 323 eorum
1563 275 1846 342 tempora
1874 269 2186 345 periodica
2215 284 2283 331 ut
2312 275 2612 351 quadrata

177 361 614 424 ,distantiarum
644 381 682 419 a
711 371 923 419 centro
952 358 1218 418 vorticis
1341 357 1488 418 Alia
1532 358 1698 419 nulla
1732 364 1981 423 vorticis
2013 367 2365 429 constitutio
2407 385 2612 449 potest

187 481 327 522 esse
356 453 744 538 permanens,
2104 537 2109 542 ¹

302 555 496 616 Corol.
547 556 600 613 8.
651 552 722 612 Si
752 572 880 622 vaS,
914 550 1172 610 fluidum
1204 550 1522 622 inclusum,
1551 551 1611 611 &
1632 551 1854 632 globus
1885 571 2136 618 servent
2165 559 2327 620 hunc
2357 576 2608 637 motum,

185 653 246 714 &
303 663 475 712 motu
534 661 836 728 praeterea
893 648 1203 708 communi
1263 647 1541 728 angulari
1601 650 1760 709 circa
1816 674 1997 713 axem
2057 659 2339 734 quemvis
2398 660 2609 722 datum

180 747 613 817 revolvantur;
658 746 952 825 quoniam
1000 744 1118 804 hoc
1165 757 1337 804 motu
1386 767 1551 806 novo
1589 768 1710 806 non
1763 762 2034 809 mutatur
2072 754 2314 813 attritus
2346 758 2609 833 partium

180 846 352 907 fluidi
383 846 444 905 in
475 866 544 904 se
575 843 855 912 invicem,
889 863 1014 901 non
1060 843 1461 902 mutabuntur
1505 858 1709 904 motus
1740 848 2005 924 partium
2050 850 2210 909 inter
2238 873 2319 911 se.
2444 854 2611 914 Nam

19 932 22 940 ¹
120 937 126 941 ⁶
179 941 611 1004 translationes
658 940 925 1019 partium
975 939 1134 999 inter
1172 961 1240 999 se
1270 940 1547 1018 pendent
1576 943 1655 1001 ab
1699 944 1924 1003 attritu,
2021 946 2170 1005 Pars
2215 947 2505 1026 quaelibet
2548 952 2608 1010 in

178 1063 255 1103 eo
304 1039 730 1121 perseverabit
780 1051 968 1108 mom,
1023 1059 1148 1117 quo
1200 1038 1270 1098 fit
1320 1051 1388 1098 ut
1438 1041 1649 1099 attritu
1702 1063 1779 1100 ex
1831 1064 1955 1103 uno
2006 1042 2195 1105 latere
2242 1068 2365 1107 non
2411 1051 2609 1130 magis

22 1144 29 1154 ’
86 1150 90 1153 ’
178 1138 456 1199 tardetur
484 1131 672 1216 qu‘am
703 1133 1077 1195 acceleretur
1105 1134 1315 1194 attritu
1348 1156 1426 1194 ex
1456 1134 1662 1197 alter0.

296 1236 492 1296 Corol.
543 1255 596 1309 9,
650 1232 843 1292 Unde
873 1232 924 1290 si
956 1253 1068 1290 vas
1093 1231 1372 1310 quiescat
1394 1253 1465 1291 ac
1495 1233 1676 1292 detur
1699 1246 1901 1294 motus
1930 1233 2114 1315 globi,
2141 1237 2385 1298 dabitur
2407 1254 2609 1302 motus

178 1333 366 1393 fluidi.
493 1331 660 1390 Nam
729 1330 985 1408 concipe
1050 1327 1303 1408 planum
1368 1331 1627 1390 transire
1686 1352 1797 1409 per
1854 1353 2034 1391 axem
2092 1333 2259 1413 globi
2321 1336 2380 1395 &
2438 1352 2607 1399 motu

177 1431 483 1494 contrario
541 1427 813 1501 revolvi;
876 1428 936 1488 &
979 1449 1143 1506 pone
1188 1449 1494 1487 summam
1540 1430 1836 1507 temporis
1881 1429 2279 1492 revolutionis
2324 1434 2502 1514 hujus
2549 1438 2608 1496 &

176 1528 577 1592 revolutionis
622 1526 792 1608 globi
841 1547 980 1586 esse
1028 1526 1108 1584 ad
1161 1538 1407 1604 tempus
1453 1524 1855 1586 revolutionis
1898 1526 2082 1607 globi,
2130 1542 2198 1589 ut
2241 1533 2607 1609 quadratum

176 1625 617 1714 semidiametri
665 1624 833 1684 vasis
882 1623 961 1683 ad
1011 1622 1382 1702 quadratum
1431 1623 1871 1683 semidiametri
1929 1624 2138 1705 globi:
2207 1626 2266 1686 &
2330 1640 2609 1708 tempora

175 1724 488 1804 periodica
545 1723 812 1802 partium
872 1722 1043 1781 fluidi
1104 1734 1388 1800 respectu
1448 1719 1614 1799 plani
1675 1721 1856 1802 hujus
1929 1736 2109 1783 erunt
2180 1736 2247 1783 ut
2311 1726 2613 1804 quadrata

175 1822 606 1884 distantiarum
637 1843 886 1882 suarum
917 1843 955 1880 a
987 1833 1199 1880 centro
1229 1819 1414 1900 globi.

293 1921 493 1981 Corol.
552 1940 639 1981 10.
696 1919 963 1980 Proinde
994 1920 1046 1978 si
1092 1941 1204 1978 vas
1250 1917 1349 1978 vel
1395 1917 1554 1978 circa
1594 1939 1775 1978 axem
1807 1919 2073 1978 eundem
2105 1941 2243 1979 cum
2273 1920 2475 2002 globo,
2509 1922 2606 1983 vel

174 2019 334 2080 circa
379 2019 697 2079 diversum
748 2016 1018 2097 aliquem
1072 2018 1219 2077 data
1266 2039 1405 2076 cum
1459 2016 1786 2077 velocitate
1846 2039 2212 2098 quacunque
2270 2035 2605 2093 moveatur,

173 2118 422 2178 dabitur
463 2130 669 2177 motus
715 2116 901 2176 fluidi.
1029 2116 1197 2175 Nam
1243 2116 1293 2174 si
1339 2115 1660 2194 systemati
1699 2116 1810 2175 toti
1843 2116 2152 2176 auferatur
2194 2120 2358 2178 vasis
2403 2133 2607 2180 motus

174 2213 499 2295 angularis,
535 2214 876 2273 manebunt
907 2226 1112 2274 motus
1157 2234 1373 2273 omnes
1420 2212 1605 2270 iidem
1649 2212 1805 2271 inter
1834 2234 1901 2272 se
1933 2214 2036 2292 qui
2067 2215 2250 2293 priuS,
2283 2238 2394 2295 per
2424 2218 2601 2278 corol.

175 2314 229 2373 8.
324 2312 412 2372 Et
441 2325 645 2373 motus
679 2312 776 2372 isti
808 2334 921 2391 per
950 2310 1130 2371 corol.
1170 2332 1206 2386 9
1239 2311 1562 2370 dabuntur.

283 2409 475 2471 Corol.
532 2430 618 2471 11.
669 2409 738 2469 Si
786 2431 898 2468 vas
948 2408 1007 2468 &
1068 2409 1325 2467 fluidum
1388 2408 1710 2486 quiescant
1756 2407 1814 2466 &
1856 2407 2078 2488 globus
2123 2410 2407 2470 uniformi
2467 2432 2604 2470 cum

173 2518 345 2567 motu
399 2505 768 2577 revolvatur,
824 2507 1271 2587 propagabitur
1322 2519 1526 2565 motus
1585 2503 1880 2582 paulatim
1924 2493 2051 2583 'per
2108 2506 2362 2565 fluidum
2406 2519 2605 2567 totum

174 2604 236 2664 in
282 2626 410 2676 vaS,
462 2605 522 2665 &
569 2606 1021 2686 circumagetur
1077 2628 1190 2666 vas
1252 2606 1366 2665 nisi
1426 2603 1730 2665 violenter
1787 2605 2123 2677 detentum,
2179 2628 2380 2686 neque
2438 2610 2605 2686 prius

173 2703 460 2764 desinent
531 2704 789 2763 fluidum
864 2703 924 2763 8c
996 2726 1109 2764 vas
1182 2703 1521 2774 accelerari,
1598 2724 1786 2781 quam
1858 2705 1981 2763 sint
2053 2726 2265 2764 eorum
2330 2719 2608 2785 tempora

172 2802 485 2881 periodica
513 2801 777 2881 aequalia
807 2802 1190 2881 temporibus
1223 2802 1550 2881 periodicis
1580 2799 1765 2881 globi.
1859 2800 2047 2877 Quod
2079 2803 2129 2860 si
2170 2824 2281 2861 vas
2311 2803 2373 2862 vi
2404 2802 2608 2882 aliqua

172 2899 523 2960 detineatur
551 2898 651 2960 vel
684 2898 1042 2960 revolvatur
1071 2914 1245 2960 motu
1279 2899 1500 2979 quovis
1547 2899 1850 2958 constanti
1894 2898 1952 2957 ἃ
1983 2899 2284 2970 uniformi,
2318 2900 2608 2960 deveniet

172 2998 444 3058 medium
490 2997 786 3077 paulatim
831 2999 910 3057 ad
957 3011 1185 3058 statum
1232 3011 1436 3058 motus
1483 2998 1542 3055 in
1590 2995 1898 3056 corolariis
1963 2999 2015 3066 8,
2056 3017 2092 3072 9
2140 2997 2199 3056 ἃ
2253 3018 2325 3057 10
2355 2998 2604 3069 definiti,

171 3116 285 3156 nec
332 3096 392 3155 in
445 3095 564 3156 alio
615 3117 893 3175 unquam
941 3109 1105 3155 statu
1166 3116 1537 3175 quocunque
1596 3093 2035 3173 perseverabit.
2160 3094 2407 3154 Deinde
2457 3116 2606 3154 vero

172 3193 240 3265 si,
301 3194 535 3254 viribus
596 3193 712 3254 illis
772 3196 1158 3254 cessantibus
1218 3195 1442 3273 quibus
1503 3215 1615 3252 vas
1690 3192 1749 3252 &
1805 3190 2028 3272 globus
2101 3191 2281 3251 certis
2340 3194 2605 3252 motibus

174 3289 666 3362 revolvebantur,
714 3292 1108 3370 permittatur
1150 3304 1425 3370 systema
1471 3303 1670 3349 totum
1732 3288 1973 3369 legibus
2034 3289 2399 3348 mechanicis
2423 3314 2434 3361 ;
2495 3312 2604 3349 vas

175 3385 236 3447 &
275 3385 499 3468 globus
545 3389 605 3448 in
652 3410 720 3449 se
766 3389 1030 3448 invicem
1077 3401 1266 3468 agent
1311 3388 1625 3447 mediante
1684 3386 1892 3459 fluido,
1941 3408 2142 3465 neque
2200 3399 2402 3446 motus
2460 3408 2603 3446 suos

175 3484 236 3544 in
288 3506 356 3546 se
407 3499 622 3547 mutuo
666 3508 778 3565 per
821 3487 1077 3545 fluidum
1136 3506 1483 3564 propagare
1527 3485 1695 3563 prius
1755 3483 2100 3555 cessabunt,
2156 3504 2340 3560 quam
2392 3503 2601 3542 eorum

173 3593 455 3662 tempora
505 3585 818 3663 periodica
861 3596 1188 3662 aequentur
1232 3583 1391 3642 inter
1441 3604 1523 3653 se,
1580 3581 1639 3641 8z
1691 3595 1964 3660 systema
2022 3592 2218 3639 totum
2277 3579 2604 3638 adinstar

176 3681 445 3759 corporis
474 3682 656 3741 unius
688 3680 869 3742 solidi
901 3678 1081 3739 simul
1114 3678 1482 3740 revolvatur.
