2852 4250
1127 119 1367 168 LJBER
1399 119 1710 170 PRIMUS.
2526 143 2547 184 1
2563 140 2594 202 5
2604 142 2638 201 3

313 280 691 343 Oscillentur
725 282 859 363 jam
905 279 1316 362 funipendula
1357 302 1618 361 corpora
1661 281 1725 341 in
1769 280 2147 362 cycloidibus
2190 283 2454 344 diversis
2485 286 2645 347 intra

193 380 415 463 globos
436 381 742 457 *diversos
775 401 1039 460 quorum
1068 380 1334 441 diversae
1363 391 1511 439 sunt
1539 379 1727 440 etiam
1756 380 1921 441 vires
1951 379 2269 453 absolutae,
2294 381 2642 461 descriptis:

197 480 273 552 &,
321 481 374 540 si
420 480 517 540 vis
568 478 853 539 absoluta
893 477 1063 560 globi
1108 478 1380 559 cujusvis
1427 477 1484 552 Q
1514 477 1570 538 O
1594 477 1651 537 S
1696 475 1937 537 dicatur
1981 477 2058 550 V,
2089 478 2202 545 ‚vis
2248 477 2644 539 acceleratrix

196 600 320 658 qua
377 576 716 658 pendulum
774 570 1031 657 urgetur
1088 576 1149 636 in
1218 574 1710 636 circumferentia
1779 574 1964 655 hujus
2021 573 2208 655 globi,
2269 575 2374 634 ubi
2434 576 2647 655 incipit

194 674 427 736 directe
456 696 673 735 versus
703 686 982 733 centrum
1026 673 1161 754 ejus
1206 673 1459 745 moveri,
1493 673 1609 733 erit
1651 684 1721 732 ut
1764 672 2058 732 distantia
2087 673 2361 752 corporis
2391 673 2644 752 penduli

193 794 231 832 a
277 785 486 833 centro
533 770 636 832 illo
684 770 745 831 &
790 771 886 830 vis
933 770 1217 832 absoluta
1260 769 1432 852 globi
1481 770 1871 852 conjunctim,
1919 771 2037 832 hoc
2084 783 2181 831 est
2227 783 2296 831 ut
2345 771 2402 831 C
2418 772 2641 833 OxV.

103 934 108 938 ,
195 871 417 950 Itaque
473 867 699 930 lineola
753 868 842 927 H
860 869 932 940 Y,
994 890 1135 948 quae
1193 869 1274 930 sit
1345 881 1419 930 ut
1489 869 1624 929 haec
1695 868 1792 928 vis
1865 868 2263 930 acceleratrix
2343 869 2399 929 C
2421 869 2642 942 OxV,

190 969 574 1030 describetur
601 967 749 1027 dato
780 979 1095 1046 tempore;
1144 967 1219 1039 &,
1252 968 1303 1027 si
1335 967 1609 1049 erigatur
1638 965 1929 1028 normalis
1970 968 2036 1027 Y
2046 968 2110 1027 Z
2136 966 2645 1029 circumferentiae

192 1089 518 1129 occurrens
564 1067 625 1127 in
668 1066 742 1137 Z,
788 1086 966 1126 arcus
1014 1087 1274 1127 nascens
1324 1067 1411 1127 H
1423 1067 1486 1127 Z
1534 1066 1858 1126 denotabit
1904 1066 2119 1126 datum
2173 1065 2322 1127 illud
2380 1079 2641 1147 tempuS.

194 1166 315 1226 Est
345 1179 550 1227 autem
584 1186 762 1225 arcus
793 1163 892 1224 hic
923 1185 1184 1225 nascens
1224 1165 1312 1224 H
1319 1165 1382 1224 Z
1424 1165 1484 1224 in
1538 1163 1972 1244 supduplicata
2020 1166 2259 1227 ratione
2304 1164 2643 1247 rectanguli

197 1264 257 1324 G
278 1265 365 1324 H
387 1265 458 1337 Y,
506 1264 773 1343 ideoque
798 1274 867 1321 ut
909 1259 979 1338 ,Χ
988 1261 1047 1320 G
1064 1261 1150 1320 H
1165 1280 1204 1321 ><
1233 1261 1364 1321 CO
1386 1280 1427 1321 ><
1453 1261 1529 1323 V.
1656 1262 1850 1323 Unde
1923 1276 2171 1344 tempus
2244 1262 2644 1325 oscillationis

188 1362 446 1444 integrae
506 1363 567 1422 in
626 1359 906 1442 cycloide
967 1359 1111 1434 QR
1131 1358 1188 1418 S
1259 1357 1423 1440 (cum
1497 1360 1578 1420 sit
1645 1372 1714 1420 ut
1772 1362 2282 1442 semiperipheria
2352 1363 2439 1422 H
2452 1363 2532 1422 K
2543 1363 2642 1435 M,

188 1481 330 1540 quae
360 1458 806 1521 oscillationem
838 1456 1003 1517 illam
1049 1457 1355 1538 integram
1400 1457 1675 1533 denotat,
1722 1458 1956 1520 directe
1982 1484 1994 1534 ;
2040 1473 2234 1541 utque
2264 1481 2443 1522 arcus
2474 1461 2560 1521 H
2567 1462 2642 1533 Z,

187 1558 293 1637 qui
341 1557 557 1618 datum
605 1570 850 1636 tempus
899 1553 1182 1616 similiter
1226 1555 1501 1628 denotat,
1548 1556 1820 1639 inverse)
1869 1557 1977 1619 fiet
2006 1570 2075 1618 ut
2115 1559 2284 1619 GH
2318 1559 2553 1620 directe
2584 1559 2645 1620 Sc

201 1641 800 1732 AEWV
863 1653 1124 1725 inverse,
1186 1653 1304 1715 hoc
1376 1668 1486 1727 est,
1547 1655 1630 1716 ob
1689 1654 1962 1736 aequales
2042 1656 2206 1717 GH
2269 1656 2331 1718 &
2389 1658 2446 1718 S
2463 1658 2543 1731 R,
2576 1671 2646 1719 ut

357 1752 492 1813 SR
674 1805 686 1818 ‚
1865 1754 1933 1814 Α
1956 1756 2023 1815 R
2577 1812 2588 1824 .

201 1805 410 1918 *sco
439 1854 590 1916 ><V’
637 1827 771 1867 Slve
823 1805 960 1888 (Pes
1002 1804 1183 1867 001‘01·
1236 1827 1408 1887 PrOP·
1460 1806 1521 1889 L)
1577 1820 1646 1868 Ut
1708 1806 1849 1917 MA
1886 1859 2090 1918 C><V
2124 1859 2136 1870 .
2205 1808 2435 1891 Itaque
2465 1810 2640 1873 osell-

186 1941 448 2002 lationes
494 1940 555 2000 in
601 1938 804 2021 globis
852 1939 912 2000 &
957 1939 1334 2020 cycloidibus
1378 1942 1681 2015 omnibns
1715 1942 2186 2023 quibuscunque
2222 1965 2363 2005 cum
2408 1946 2643 2007 viribus

189 2037 487 2100 absolutis
518 2038 713 2111 factae,
746 2040 975 2099 suntin
1007 2039 1245 2100 ratione
1269 2061 1411 2119 quae
1434 2040 1826 2120 componitur
1848 2061 1927 2100 ex
1950 2040 2382 2121 subduplicata
2405 2044 2643 2105 ratione

188 2137 591 2220 longitudinis
622 2135 706 2198 fili
738 2138 985 2209 directe,
1014 2136 1074 2197 ἃ
1096 2136 1527 2217 subduplicata
1550 2138 1788 2198 ratione
1811 2139 2123 2202 distantiae
2156 2142 2316 2202 inter
2343 2155 2641 2222 punctum

189 2234 614 2315 suspensionis
668 2234 728 2295 &
779 2247 1060 2295 centrum
1117 2233 1288 2316 globi
1339 2236 1599 2309 inverse,
1662 2236 1723 2296 &
1769 2236 2200 2317 subduplicata
2249 2240 2487 2301 ratione
2544 2241 2641 2301 vis

188 2331 491 2394 absolutae
520 2331 691 2414 globi
722 2333 910 2393 etiam
942 2333 1202 2393 inverse.
1294 2334 1366 2408 Q.
1388 2335 1469 2395 E.
1497 2335 1553 2396 l.

308 2432 504 2493 Corol.
571 2452 617 2492 1.
686 2431 858 2491 Hinc
909 2432 1098 2493 etiam
1158 2431 1586 2508 oscillantium‚
1648 2433 2003 2494 cadentium
2064 2433 2125 2494 &
2182 2433 2641 2496 revolventium

193 2552 519 2611 corporum
573 2543 855 2610 tempora
906 2544 1168 2610 possunt
1219 2531 1380 2592 inter
1436 2553 1506 2592 se
1565 2532 1841 2593 conferri.
1967 2532 2136 2593 Nam
2188 2535 2239 2594 si
2293 2547 2461 2606 rotae,
2518 2555 2643 2614 qua

189 2621 416 2710 cyclois
490 2629 650 2689 intra
718 2626 976 2710 globum
1051 2628 1435 2701 describitur,
1524 2630 1830 2691 diameter
1900 2630 2312 2691 constituatur
2383 2630 2641 2711 aequalis

188 2727 649 2789 semidiametro
705 2725 875 2808 globi
935 2725 1161 2807 cyclois
1220 2727 1449 2788 evadet
1506 2726 1668 2789 linea
1726 2740 1893 2789 recta
1965 2750 2078 2808 per
2134 2742 2413 2790 centrum
2470 2728 2641 2811 globi

189 2826 511 2898 transienS,
546 2825 606 2886 &
649 2823 949 2886 oscillatio
985 2826 1118 2907 jam
1164 2826 1279 2887 erit
1323 2827 1661 2887 descensus
1711 2826 1771 2887 &
1818 2827 2207 2907 subsequens
2254 2849 2548 2889 ascensus
2580 2827 2641 2887 in

190 2925 306 2986 hac
357 2937 538 2985 recta.
635 2923 828 2984 Unde
880 2923 1065 2984 datur
1110 2936 1242 2984 tum
1295 2938 1542 3004 tempus
1594 2925 1932 2986 descensus
1984 2926 2065 2987 de
2111 2925 2248 2988 loco
2300 2927 2523 3007 quovis
2567 2927 2648 2987 ad

191 3035 489 3097 centrum,
545 3034 677 3082 tum
737 3034 985 3101 tempus
1045 3022 1188 3082 huic
1247 3022 1488 3103 aequale
1547 3045 1674 3104 quo
1748 3046 1971 3104 corpus
2030 3025 2419 3086 uniformiter
2490 3026 2651 3086 circa

191 3133 470 3182 centrum
500 3118 669 3202 globi
700 3120 780 3179 ad
811 3120 1170 3181 distantiam
1201 3122 1488 3201 quamvis
1520 3120 1905 3184 revolvendo
1935 3145 2145 3185 arcum
2177 3122 2647 3205 quadrantalem

193 3219 500 3280 describit.
595 3219 715 3278 Est
761 3219 927 3279 enim
976 3219 1094 3280 hoc
1138 3232 1385 3299 tempus
1435 3220 1571 3302 (per
1614 3242 1826 3281 casum
1870 3222 2239 3305 secundum)
2285 3223 2369 3284 ad
2400 3235 2647 3302 tempus

191 3354 744 3418 semioscillationis
776 3356 836 3416 in
869 3355 1146 3437 cycloide
1176 3358 1398 3438 quavis
1432 3358 1488 3433 Q
1509 3360 1575 3419 R
1592 3359 1649 3419 S
1688 3371 1758 3420 ut
1796 3381 1817 3419 1
1857 3360 1939 3420 ad
1981 3308 2224 3472 §lig—I}
2249 3410 2261 3423 .

310 3505 510 3565 Corol.
565 3525 615 3566 2.
669 3504 840 3564 Hinc
884 3505 1072 3565 etiam
1110 3518 1546 3568 consectantur
1574 3529 1716 3588 quae
1760 3509 2072 3570 Wrennus
2102 3508 2163 3569 &
2191 3509 2526 3590 Hugem'us
2567 3507 2649 3568 de

193 3599 470 3682 cycloide
520 3600 761 3683 vulgari
819 3602 1290 3664 adinvenerunt.
1415 3605 1586 3665 Nam
1644 3606 1696 3666 si
1754 3604 1927 3687 globi
1985 3607 2289 3667 diameter
2345 3617 2649 3687 augeatur

194 3699 255 3759 in
307 3698 656 3760 infinitum:
704 3701 1042 3761 mutabitur
1083 3702 1216 3783 ejus
1261 3703 1618 3782 superficies
1662 3704 1966 3783 sphaerica
2010 3705 2072 3764 in
2116 3702 2386 3783 planum,
2424 3703 2646 3781 visque

194 3797 535 3877 centripeta
584 3808 731 3879 aget
776 3799 1161 3861 uniformiter
1217 3801 1560 3862 secundum
1619 3800 1813 3863 lineas
1872 3801 2013 3862 huic
2071 3800 2257 3881 plano
2316 3798 2641 3879 perpendi-
