2852 4250
1096 116 1333 166 LIBER
1373 117 1707 168 TERTIUS.
2480 146 2556 202 42
2567 148 2599 205 3

290 259 463 330 Sunt*
497 265 684 326 etiam
735 262 872 324 aliae
903 264 1192 343 quaedam
1244 287 1282 324 a
1332 266 1636 345 prioribus
1682 271 2050 330 astronomis
2096 292 2218 332 non
2261 273 2603 337 observatae

173 361 649 445 inaequalitates,
676 361 901 441 quibus
945 373 1151 421 motus
1194 359 1439 422 lunares
1469 362 1628 422 adeo
1666 365 2114 441 perturbantur,
2146 379 2214 427 ut
2258 367 2423 429 nulla
2464 370 2602 432 hac-

111 491 131 507 ··
177 475 357 524 tenus
385 459 526 541 lege
554 459 635 519 ad
680 457 958 540 regulam
988 458 1258 539 aliquam
1289 471 1518 520 certam
1563 460 1771 521 reduci
1814 462 2139 540 potuerint.
2231 463 2605 527 Velocitates

100 563 140 619 5·
177 560 343 621 enim
400 580 510 619 seu
570 570 775 618 motus
847 555 1072 617 horarii
1131 557 1374 637 apogaei
1441 556 1502 617 ἃ
1567 557 1870 618 nodorum
1927 556 2089 619 lunae
2149 558 2208 619 &
2265 562 2604 623 eorundem

174 656 571 737 aequatione5‚
605 667 674 715 ut
719 654 779 715 &
822 654 1170 714 differentia
1213 654 1372 714 inter
1400 655 1914 714 eccentricitatem
1960 656 2290 715 maximam
2325 657 2385 715 in
2429 679 2603 737 syzy-

90 767 99 829 ff'
171 755 291 836 giis
336 754 396 814 &
441 753 759 813 minimam
806 752 866 811 in
912 750 1318 831 quadraturiS,
1353 750 1412 810 &
1466 751 1849 831 inaequalitas
1894 773 2033 831 quae
2081 754 2339 814 variatio
2383 755 2604 816 dicitur

20 895 22 897 -
86 852 97 948 ζ’
131 905 139 912 .
174 864 480 933 augentur
529 873 601 911 ac
659 850 1085 910 diminuuntur
1134 849 1451 909 annuatim
1516 848 1650 931 (per
1699 848 1878 910 corol.
1949 870 2021 926 14
2072 872 2244 930 prop.
2303 852 2474 934 LXVI)
2546 854 2605 913 in

83 1007 86 1009 Α
175 953 476 1034 triplicata
527 953 765 1012 ratione
816 949 1100 1010 diametri
1152 949 1507 1028 apparentis
1538 947 1768 1009 solaris,
1864 949 1951 1008 Et
2000 950 2256 1010 variatio
2307 963 2606 1028 praeterea

23 1126 26 1129 ¹
83 1074 86 1083 ·
173 1064 435 1134 augetur
463 1049 563 1112 vel
594 1049 956 1110 diminuitur
985 1048 1045 1107 in
1078 1046 1389 1126 duplicata
1418 1046 1654 1108 ratione
1683 1047 1976 1126 temporis
2019 1046 2176 1106 inter
2205 1047 2606 1126 quadraturas

23 1165 27 1173 '
76 1185 83 1191 ·
173 1174 360 1235 quarn
390 1151 672 1232 proxime
706 1147 842 1231 (per
872 1145 1052 1209 corol.
1097 1167 1117 1206 1
1161 1146 1219 1206 ἃ
1255 1168 1284 1205 2
1334 1145 1471 1207 lem.
1507 1170 1548 1205 x
1587 1146 1647 1206 &
1677 1144 1858 1206 corol.
1904 1150 1974 1204 16
2020 1167 2191 1224 prop.
2228 1164 2375 1204 val
2406 1143 2503 1205 lib.
2549 1145 2603 1225 Ι)

172 1252 284 1314 sed
328 1252 460 1312 haec
492 1247 878 1329 inaequalitas
925 1247 985 1306 in
1031 1244 1263 1306 calculo
1294 1245 1705 1306 astronomico
1735 1243 1814 1303 ad
1845 1242 2401 1322 prosthaphaeresin
2446 1242 2606 1304 lunae

174 1349 381 1412 referri
413 1347 584 1420 solet,
619 1347 681 1408 &
710 1367 849 1407 cum
881 1366 955 1405 ea
986 1344 1295 1405 confundi.

445 1577 1070 1643 PROPOSITIO
1158 1576 1465 1637 XXIII.
1606 1572 2164 1634 PROBLEMA
2249 1573 2330 1632 V.

195 1752 412 1812 Motus
468 1750 793 1831 z'noequales
849 1746 1187 1808 satellitum
1227 1744 1398 1824 jovis
1445 1744 1525 1807 ὢ*
1566 1741 1820 1802 saturni
1871 1761 1910 1798 a
1962 1738 2214 1798 molibus
2265 1739 2588 1799 lunaribus

1244 1856 1535 1916 derivare.

287 2032 390 2091 Ex
435 2031 705 2092 motibus
757 2028 920 2090 lunae
967 2039 1195 2088 nostrae
1248 2036 1451 2084 motus
1496 2018 1740 2101 analogi
1793 2017 2072 2077 lunarum
2120 2039 2227 2077 seu
2276 2015 2603 2076 satellitum

160 2130 327 2211 jovis
357 2131 444 2191 sic
474 2130 848 2190 derivantur.
946 2126 1160 2186 Motus
1186 2122 1424 2182 medius
1457 2119 1757 2179 nodorum
1787 2117 2064 2178 satellitis
2094 2117 2304 2177 extimi
2340 2115 2602 2197 jovialiS,

170 2241 266 2290 est
294 2229 374 2289 ad
406 2241 644 2289 motum
676 2227 950 2287 medium
983 2224 1288 2284 nodorum
1319 2219 1482 2279 lunae
1514 2230 1741 2277 nostrae
1788 2217 1848 2276 in
1891 2216 2125 2276 ratione
2155 2215 2494 2293 composita
2524 2235 2601 2273 ex

171 2329 404 2390 ratione
462 2328 774 2409 duplicata
833 2324 1131 2405 temporis
1191 2320 1483 2402 periodici
1537 2332 1715 2378 terrae
1766 2318 1924 2376 circa
1974 2315 2167 2377 solem
2219 2315 2297 2375 ad
2357 2327 2599 2391 tempus

170 2429 549 2508 periodicum
595 2427 762 2509 jovis
807 2426 966 2487 circa
1024 2421 1221 2484 solem
1268 2420 1327 2480 &
1380 2419 1616 2478 ratione
1663 2414 1930 2494 simplici¹
1967 2414 2259 2493 temporis
2304 2410 2597 2491 periodici

169 2523 453 2589 satellitis*
492 2528 651 2588 circa
685 2527 901 2607 jovem
947 2523 1028 2584 ad
1074 2535 1319 2599 tempus
1350 2516 1728 2597 periodicum
1775 2513 1935 2573 lunae
1983 2513 2140 2572 circa
2190 2524 2413 2571 terram
2466 2507 2599 2588 (per

169 2627 349 2689 corol.
394 2632 465 2688 16
511 2648 682 2706 prop.
720 2645 868 2686 LXV1
915 2623 1014 2684 lib.
1062 2622 1113 2702 1)
1151 2621 1416 2698 ideoque
1460 2616 1635 2676 annis
1681 2627 1923 2675 centum
1955 2612 2198 2673 conficit
2242 2610 2438 2670 nodus
2484 2609 2598 2668 iste

169 2729 260 2787 8³¹·
296 2727 396 2803 24‘
427 2727 487 2787 in
534 2723 981 2786 antecedentia.
1078 2720 1292 2779 Motus
1324 2715 1507 2775 medii
1555 2714 1853 2774 nodorum
1885 2709 2212 2770 satellitum
2244 2707 2597 2767 interiorum

169 2838 315 2886 sunt
336 2825 415 2886 ad
448 2838 686 2886 motum
718 2823 901 2904 hujus
946 2833 1015 2880 ut
1047 2817 1287 2879 illorum
1334 2828 1612 2893 tempora
1655 2810 1964 2891 periodica
2007 2808 2086 2867 ad
2128 2821 2370 2885 tempus
2401 2805 2596 2884 perio-

19 2974 29 3008 ..
70 2968 73 2969 ν
167 2922 373 2984 dicum
418 2923 599 3004 hujus
642 2922 783 3002 (per
833 2920 997 2980 idem
1046 2912 1453 2993 corollarium)
1511 2912 1570 2971 &
1614 2909 1757 2970 inde
1801 2908 2037 2967 dantur.
2133 2904 2346 2964 Motus
2390 2914 2595 2961 autem

61 3039 67 3044 ·
123 3021 344 3102 'augis
402 3019 681 3082 satellitis
741 3019 1040 3099 cujusque
1100 3015 1160 3074 in
1220 3009 1660 3090 consequentia
1717 3018 1810 3066 est
1868 3004 1947 3064 ad
2007 3015 2241 3063 motum
2295 3000 2594 3061 nodorum

170 3118 360 3198 ipsius
393 3119 453 3178 in
485 3116 917 3178 antecedentia
961 3128 1029 3174 ut
1060 3125 1262 3173 motus
1294 3108 1534 3190 apogaei
1566 3105 1725 3166 lunae
1758 3116 1981 3163 nostrae
2023 3101 2102 3160 ad
2147 3100 2326 3179 hujus
2359 3110 2592 3157 motum

169 3217 472 3279 nodorum
529 3216 664 3299 (per
715 3216 881 3276 idem
933 3210 1140 3293 corol.)
1208 3209 1267 3270 &
1320 3207 1462 3267 inde
1514 3205 1706 3264 datur.
1820 3199 2095 3260 Diminui
2149 3210 2355 3256 tamen
2409 3194 2595 3253 debet

171 3328 374 3376 motus
418 3316 596 3397 augis
641 3316 727 3375 sic
774 3316 1064 3375 inventus
1110 3309 1171 3369 in
1219 3308 1454 3367 ratione
1503 3322 1532 3380 5
1582 3302 1660 3362 ad
1714 3321 1750 3375 9
1791 3296 1890 3358 vel
1952 3318 1971 3356 1
2025 3296 2103 3355 ad
2153 3315 2182 3352 2
2235 3293 2471 3353 circiter
2513 3290 2593 3350 ob

14 3406 58 3459 ἶ*
169 3435 417 3475 causam
449 3435 636 3494 quam
682 3413 780 3472 hic
810 3430 1124 3490 exponere
1157 3426 1279 3466 non
1326 3415 1518 3464 vacat.
1613 3396 2026 3476 AEquationes
2074 3392 2358 3451 maximae
2407 3388 2594 3448 nodo-

171 3533 304 3572 rum
357 3512 417 3572 &
467 3512 644 3593 augis
693 3508 971 3570 satellitis
1024 3507 1321 3586 cujusque
1367 3501 1496 3561 fere
1547 3510 1690 3557 sunt
1739 3494 1818 3554 ad
1866 3491 2244 3571 aequationes
2296 3484 2593 3546 maximas

172 3609 473 3671 nodorum
506 3609 567 3670 &
596 3608 773 3689 augis
804 3606 967 3667 lunae
999 3602 1343 3683 respective
1388 3611 1456 3658 ut
1502 3608 1707 3656 motus
1755 3591 2057 3652 nodorum
2108 3586 2166 3646 ἃ
2210 3584 2384 3664 augis
2414 3579 2592 3640 satel-

169 3705 343 3767 litum
402 3720 682 3787 tempore
740 3705 921 3765 unius
981 3699 1380 3763 revolutionis
1439 3693 1854 3774 aequationum
1913 3687 2179 3767 priorum
2253 3680 2331 3740 ad
2390 3690 2592 3738 motus

172 3807 473 3868 nodorum
534 3807 594 3867 &
652 3805 894 3886 apogaei
954 3801 1115 3862 lunae
1165 3813 1444 3876 tempore
1502 3794 1681 3853 unius
1734 3785 2128 3850 revolutionis
2181 3779 2593 3860 aequationum

51 2348 55 2355 .
18 1415 83 2239 wangmmuzmfissffiss'ssn‘fffi
62 1385 69 1390 .
69 1244 74 1247 .

32 3772 67 3807 [⁴
23 3678 78 3758 521?
26 3566 70 3665 '⁴⁸42ss
34 3525 59 3539 ”·.
24 3461 58 3500 ⁴0⁴·-
24 3357 39 3373 ‘¹

30 3861 63 3900 ‘s
68 3870 74 3874 ·
