2846 4224
22 508 26 533 ;
54 547 58 549 ,
151 488 273 548 que
285 474 340 546 p
369 477 668 545 punctum
699 464 760 523 in
802 463 918 523 hac
959 484 1125 524 nova
1164 462 1363 544 figura

28 567 65 634 ἐζ
150 575 380 645 puncto
411 562 473 622 in
497 561 695 643 figura
713 561 913 640 prima
934 560 1084 621 dato
1106 581 1359 639 respon-

150 662 323 723 denS.
418 660 538 720 Per
565 659 782 740 figurae
813 670 1094 718 centrum
1129 659 1186 718 O
1214 679 1359 739 aga-

35 942 39 947 ’
149 955 340 1016 sectio
397 954 611 1015 conica
662 953 724 1013 in
772 952 889 1012 hac
949 951 1148 1033 figura
1198 973 1363 1012 nova
1417 969 1422 972 ·
1491 977 1493 979 ·

32 1045 34 1047 ’
150 1053 408 1115 transire
430 1051 635 1112 debet.
733 1050 853 1110 Per
874 1048 1182 1110 lemmatis
1201 1069 1357 1129 xxn.

1078 109 1316 157 LIBER
1348 109 1658 159 PRIMUS.
1754 114 1768 117 ·’
2504 140 2540 194 9
2553 140 2574 179 Ι

153 284 220 335 to
242 269 361 333 illae
389 269 481 330 hi
503 269 565 330 ἃ
593 269 693 341 kl,
725 267 808 328 ik
836 268 898 329 ει
924 268 1018 329 lzl
1040 227 1356 330 contin'en-

152 383 247 431 tes
274 365 919 449 parallelogrammum
947 367 990 426 lz
1008 366 1146 429 ikl.
1237 366 1360 427 Sit-

151 767 315 840 turp
329 781 384 839 q,
410 757 471 818 δε
500 757 809 818 existente
843 756 945 836 Oq
967 753 1191 834 aequali
1227 756 1359 835 Op,

129 858 266 919 'erit
304 879 344 937 q
385 868 683 936 punctum
730 853 991 914 alterum
1036 875 1150 933 per
1192 854 1361 934 quod

148 1151 571 1232 operationem
604 1150 915 1209 inversam
961 1148 1364 1208 transferatur

149 1251 266 1312 hoc
317 1261 615 1330 punctum
662 1249 722 1308 in
769 1247 1032 1329 figuram
1076 1247 1357 1326 primam,
1423 1230 1468 1285 ἦ

44 1401 50 1404 .
150 1348 211 1410 &
261 1348 344 1409 ibi
396 1347 790 1407 habebuntur
824 1357 1055 1425 puncta
1098 1345 1224 1406 duo
1268 1366 1382 1425 per
1424 1368 1565 1426 quae
1618 1347 1968 1428 trajectoria
2018 1331 2425 1408 describenda
2475 1360 2584 1408 est.

160 1447 279 1507 Per
335 1446 555 1506 eadem
600 1466 752 1506 vero
796 1444 1060 1505 describi
1104 1456 1313 1523 potest
1358 1445 1706 1526 trajectoria
1757 1444 1859 1506 illa
1909 1468 2021 1526 per
2066 1444 2387 1525 problema
2437 1465 2585 1505 XVII.

150 1545 407 1620 Q.E.F.

943 1762 1357 1823 LEMMA
1437 1763 1791 1823 XXIII.

148 1933 231 1994 Si
253 1940 426 1993 rectae
439 1933 577 1993 duae
581 1933 885 2012 positione
909 1932 1072 1993 datae
1099 1932 1161 1993 A
1176 1933 1248 2008 C,
1279 1934 1328 1993 B
1346 1934 1408 1994 D
1432 1933 1521 1993 ad
1533 1932 1683 1993 data
1697 1940 1937 2012 puncta
1959 1931 2040 2006 A,
2073 1932 2140 2006 B,
2168 1931 2589 2002 terminentur,

227 2046 555 2126 datamque
593 2045 853 2105 habeant
893 2045 1195 2105 rationem
1237 2046 1328 2106 ad
1363 2046 1631 2121 invicem,
1682 2047 1763 2110 ὅς’
1805 2052 1965 2105 recta
2012 2044 2064 2104 C
2090 2044 2171 2118 D,
2203 2065 2325 2123 qna
2354 2051 2592 2122 puncta

227 2156 700 2217 indeterminata
747 2158 818 2232 C,
853 2158 915 2217 D
924 2157 1318 2237 junguntur,
1350 2166 1576 2219 secetur
1615 2158 1683 2217 in
1727 2158 1966 2224 ratione
2004 2156 2153 2216 data
2196 2157 2263 2215 in
2331 2154 2421 2216 K:
2465 2154 2593 2214 dico

227 2270 393 2350 qnod
397 2277 707 2350 punctum
744 2270 806 2331 K
842 2270 1142 2331 locabitur
1169 2271 1238 2331 in
1268 2280 1428 2332 recta
1441 2270 1744 2350 positione
1769 2270 1932 2330 data.

259 2437 646 2499 Concurrant
676 2437 841 2497 enim
872 2451 1057 2499 rectae
1102 2440 1171 2499 A
1203 2441 1268 2512 C,
1313 2442 1468 2501 BD
1511 2441 1572 2501 in
1617 2441 1697 2511 E,
1733 2439 1793 2500 81
1847 2439 1908 2499 in
1953 2437 2104 2497 BE
2140 2436 2417 2516 capiatur
2444 2436 2509 2495 B
2532 2436 2591 2495 G

145 2534 224 2595 ad
253 2536 321 2595 A
345 2537 414 2595 E
441 2548 509 2595 ut
538 2548 635 2595 est
662 2536 814 2595 BD
856 2536 937 2596 ad
966 2537 1034 2596 A
1066 2537 1131 2608 C,
1164 2538 1368 2618 sitque
1411 2540 1481 2599 F
1488 2541 1558 2599 D
1587 2559 1836 2619 semper
1878 2534 2134 2616 aequalis
2180 2535 2344 2596 datae
2388 2536 2457 2595 E
2490 2535 2590 2606 G,-

147 2631 208 2693 &
236 2633 351 2693 erit
381 2655 460 2694 ex
504 2633 962 2694 constructione
991 2636 1061 2694 E
1082 2636 1140 2695 C

145 2729 224 2791 ad
260 2731 419 2802 GD,
453 2730 570 2791 hoc
614 2744 728 2805 est,
761 2731 841 2791 ad
885 2733 1039 2791 EF
1062 2746 1131 2793 ut

144 2828 212 2888 A
225 2829 282 2888 C
296 2829 376 2888 ad
396 2830 543 2899 BD,
572 2828 837 2909 ideoque
863 2829 922 2888 in
949 2831 1130 2892 ratio-

147 2946 226 2986 ne
253 2925 415 2999 data,
444 2926 504 2987 &
527 2941 857 3006 propterea
887 2928 1134 2988 dabitur

146 3023 351 3103 specie
419 3024 795 3106 triangulum
874 3027 943 3086 E
968 3027 1038 3085 F
1063 3026 1128 3086 C.
1719 3055 1753 3085 s

147 3121 404 3183 Secetur
436 3124 573 3183 CF
593 3124 654 3183 in
684 3124 743 3182 L
778 3136 847 3184 ut
883 3123 963 3183 sit
999 3124 1055 3183 C
1070 3124 1130 3182 L

145 3218 226 3279 ad
287 3220 424 3280 CF
460 3221 522 3281 in
567 3221 805 3282 ratione
861 3221 1010 3282 CK
1052 3220 1133 3280 ad
1700 3288 1723 3302 st

155 3316 213 3377 C
232 3318 342 3388 D‚·
386 3318 447 3378 &
490 3319 572 3379 ob
602 3319 812 3379 datam
845 3318 1009 3379 illam
1040 3340 1132 3377 ra-

146 3413 392 3487 tionem,
423 3415 670 3476 dabitur
711 3417 899 3477 etiam
929 3415 1136 3496 specie

147 3510 519 3592 triangulum
588 3515 660 3574 E
673 3515 743 3574 F
751 3515 810 3574 L
833 3539 857 3584 ,·
928 3513 1134 3593 proin-

146 3606 350 3687 deque
391 3623 688 3688 punctum
726 3612 788 3671 L
838 3609 1139 3671 locabitur

148 3703 208 3764 in
255 3719 422 3767 recta
462 3708 532 3767 E
545 3709 606 3768 L
652 3709 962 3789 positione
1005 3708 1166 3768 data.
1254 3707 1462 3787 Junge
1507 3706 1675 3776 LK,
1710 3703 1770 3764 &
1814 3699 2036 3763 similia
2071 3711 2251 3760 erunt
2280 3693 2586 3775 triangula

152 3801 386 3874 CLR',
430 3805 684 3878 CFD,·
729 3806 789 3867 &
833 3807 916 3867 ob
959 3805 1169 3866 'datam
1215 3805 1362 3864 FD
1392 3803 1452 3863 &
1496 3802 1707 3863 datam
1753 3801 2053 3861 rationem
2095 3796 2262 3857 LK
2296 3794 2375 3854 ad
2420 3791 2578 3861 FB,

1194 3529 2022 3599 ι,·.·”“4---’-’--μ
1422 3530 1495 3601 H..-
1724 3579 1761 3616 G
1826 3583 1866 3623 B
1944 3529 1982 3601 F'
