2852 4250
182 153 202 192 1
218 134 297 211 38
1001 130 1116 179 DE
1149 129 1386 181 Mores
1418 123 1723 179 CORPOR
1736 84 1859 177 (ΞΜ

171 300 393 383 apside
458 321 707 362 summa
764 299 847 360 ad
907 297 1195 380 apsidem
1257 297 1464 369 imam,
1528 294 1591 356 in
1652 292 1807 356 orbe
1865 291 2332 374 propemodum
2392 291 2675 358 circulari

171 424 363 484 quem
409 423 635 482 corpus
682 398 954 482 quodvis
1002 398 1067 460 vi
1121 397 1474 479 centripeta
1525 392 1819 477 dignitati
1863 392 2022 453 An*3
2062 391 2517 474 proportionali
2562 394 2672 458 de·
2763 381 2787 444 ’-

170 556 399 630 scribit,
451 540 712 638 aeq'ualis
763 551 998 637 angulo
1048 551 1363 636 graduum
1420 498 1587 678 Ξὲἓς
1640 547 1701 610 8c
1754 547 1874 610 hoc
1926 544 2163 630 angulo
2216 548 2487 630 repetito
2539 571 2671 613 cor-

170 730 290 790 pus
342 706 572 769 redibit
620 706 702 767 ab
742 703 963 786 apside
1009 703 1137 764 ima
1176 701 1258 763 ad
1304 700 1593 783 apsidem
1639 720 1971 771 summam,
2022 698 2085 760 &
2130 698 2220 761 sic
2265 699 2569 783 deinceps
2610 701 2675 764 in

170 808 498 870 infinitum.
598 807 695 869 Ut
738 806 791 867 si
828 804 926 867 vis
972 801 1321 882 centripeta
1365 801 1448 861 sit
1492 812 1563 861 ut
1607 799 1911 860 distantia
1955 799 2236 881 corporis
2267 822 2307 862 a
2336 814 2574 878 centro,
2609 801 2673 864 id

712 926 802 988 Α4

169 990 280 1051 est,
328 989 399 1038 ut
439 976 502 1037 A
551 997 663 1037 seu
712 1013 802 1094 K}
826 1023 838 1047 ,
872 972 990 1035 erit
1021 994 1064 1033 n
1096 969 1359 1054 aequalis
1391 990 1432 1049 4
1466 970 1527 1032 &
1570 968 1644 1049 ΝΙ
1666 993 1710 1032 n
1742 969 2005 1053 aequalis
2043 991 2074 1031 2
2107 995 2119 1046 ;
2168 970 2442 1054 ideoque
2472 995 2670 1058 angu-

164 1175 261 1238 lus
315 1177 477 1238 inter
527 1174 813 1257 apsidem
867 1196 1182 1236 summam
1236 1171 1298 1234 &
1346 1170 1635 1253 apsidem
1690 1171 1881 1233 imam
1927 1170 2191 1255 aequalis
2237 1120 2368 1284 ἒξ)
2399 1196 2506 1257 gr.
2558 1196 2671 1237 seu

166 1350 249 1407 90
281 1350 386 1411 gr.
483 1325 819 1409 Completa
864 1326 1055 1411 igitur
1099 1338 1324 1408 quarta
1369 1336 1550 1405 parte
1596 1321 2011 1385 revolutionis
2053 1323 2239 1386 unius
2271 1347 2498 1407 corpus
2530 1348 2670 1407 per-

163 1429 379 1490 veniet
423 1427 502 1489 ad
544 1427 831 1510 apsidem
870 1428 1081 1503 imam,
1128 1425 1190 1487 Sc
1231 1422 1549 1505 completa
1593 1422 1717 1484 alia
1763 1438 1990 1505 quarta
2030 1438 2212 1507 parte
2253 1426 2336 1487 ad
2382 1427 2672 1509 apsidem
2748 1469 2754 1474 -

163 1550 493 1602 summam,
557 1529 618 1590 &
669 1529 759 1590 sic
811 1528 1112 1609 deinceps
1166 1548 1281 1608 per
1332 1526 1505 1587 vices
1559 1525 1622 1587 in
1678 1525 2009 1588 infinitum.
2110 1526 2188 1587 Id
2249 1526 2423 1608 quod
2477 1528 2670 1590 etiam

163 1652 243 1691 ex
295 1629 727 1711 propositione
779 1649 823 1690 X
878 1628 1281 1690 manifestum
1343 1640 1456 1689 est.
1597 1626 1771 1687 Nam
1825 1649 2055 1708 corpus
2108 1638 2379 1710 urgente
2432 1627 2550 1690 hac
2604 1629 2671 1690 vi

162 1732 510 1813 centripeta
555 1729 918 1793 revolvetur
963 1731 1025 1791 in
1072 1727 1274 1811 ellipsi
1323 1726 1648 1804 immobili,
1683 1727 1862 1810 cujus
1900 1741 2187 1789 centrum
2220 1741 2318 1790 est
2356 1728 2419 1791 in
2451 1742 2670 1792 centro

161 1832 405 1896 virium.
531 1831 725 1911 Quod
778 1832 830 1893 si
883 1832 980 1893 vis
1034 1831 1384 1912 centripeta
1433 1829 1515 1891 sit
1569 1829 1889 1911 reciproce
1942 1842 2013 1890 ut
2064 1828 2385 1906 distantia,
2443 1829 2507 1891 id
2568 1843 2669 1892 est

922 1964 941 1985 2

161 2002 396 2064 directe
446 2014 517 2063 ut
570 1976 633 2051 L
685 2023 797 2063 seu
853 1953 942 2046 ᾼ-
1010 2001 1129 2064 erit
1166 2025 1207 2063 n
1240 1999 1504 2083 aequalis
1539 2022 1592 2075 2,
1628 2000 1902 2083 ideoque
1949 2000 2114 2063 inter
2157 2001 2451 2083 apsidem
2497 2024 2666 2065 sum-

567 2060 631 2121 A
854 2052 975 2120 A3’

159 2239 328 2279 mam
376 2217 437 2279 &
483 2217 673 2279 imam
719 2216 987 2301 angulus
1034 2217 1152 2279 erit
1181 2217 1497 2300 graduum
1532 2163 1658 2344 Ιῑῗὲ
1688 2238 1801 2278 seu
1843 2234 1960 2297 127
1981 2239 2087 2299 gr.
2135 2222 2208 2279 16
2241 2239 2321 2280 m.
2356 2236 2436 2298 45
2470 2241 2569 2284 sec.
2607 2218 2670 2282 &

157 2383 492 2452 propterea
538 2392 764 2451 corpus
810 2367 918 2431 tali
964 2368 1028 2431 vi
1072 2367 1427 2443 revolvem,
1461 2382 1773 2451 perpetua
1802 2366 2017 2452 anguli
2050 2367 2237 2452 hujus
2270 2370 2664 2452 repetitione,

157 2472 399 2533 vicibus
452 2469 707 2532 alternis
756 2471 837 2532 ab
894 2471 1117 2552 apside
1162 2494 1413 2533 summa
1453 2471 1535 2533 ad
1579 2471 1772 2532 imam
1819 2470 1881 2545 &
1926 2470 2008 2532 ab
2051 2471 2178 2532 ima
2223 2471 2305 2533 ad
2351 2495 2667 2534 summam

159 2572 488 2654 perveniet
547 2572 609 2632 in
672 2585 996 2633 aeternum.
1130 2571 1327 2634 Porro
1387 2573 1440 2634 si
1501 2572 1599 2634 vis
1661 2572 2012 2654 centripeta
2071 2572 2154 2634 sit
2213 2573 2533 2655 reciproce
2593 2588 2665 2638 ut

158 2670 322 2733 latus
383 2672 1106 2754 quadrato-quadratum
1174 2673 1529 2735 undecimae
1598 2673 1928 2757 dignitatis
1994 2671 2365 2751 altitudinis,
2436 2674 2500 2736 id
2568 2688 2668 2738 est

1610 2811 1631 2850 1
2010 2760 2114 2850 A}

1736 2866 1848 2906 seu
1896 2857 1966 2906 ut
2013 2877 2108 2884 —-
2147 2845 2266 2908 erit
2310 2867 2354 2907 n
2402 2844 2666 2928 aequalis

1550 2894 1689 2961 Aa}
2008 2896 2109 2957 A3

165 3033 187 3061 1
381 2981 498 3041 180

158 3067 208 3107 1,
258 3033 320 3095 &
374 3067 499 3163 π
531 3056 635 3116 gr.
684 3033 944 3116 aequalis
994 3041 1118 3115 360
1151 3059 1256 3119 gr.
1295 3037 1357 3098 &
1402 3050 1741 3119 propterea
1786 3059 2015 3119 corpus
2047 3038 2130 3101 de
2160 3038 2384 3121 apside
2414 3061 2665 3102 summa

160 2841 475 2923 reciproce
527 2855 597 2903 ut
643 2814 793 2916 Alf,
839 2842 1110 2925 ideoque
1156 2845 1392 2907 directe
1433 2858 1504 2906 ut

160 3186 493 3247 discedens
548 3185 610 3247 Sc
667 3186 937 3249 subinde
996 3202 1306 3269 perpetuo
1366 3189 1780 3262 descendenS,
1843 3191 2178 3272 perveniet
2236 3192 2319 3253 ad
2372 3193 2663 3275 apsidem

160 3287 351 3348 imam
405 3285 513 3348 ubi
561 3286 903 3369 complevit
954 3288 1414 3352 revolutionem
1463 3291 1791 3374 integram,
1839 3290 1988 3353 dein
2041 3305 2352 3374 perpetuo
2396 3315 2663 3356 ascensu

159 3386 537 3469 complendo
589 3387 775 3449 aliam
830 3387 1289 3452 revolutionem
1344 3392 1673 3475 integram,
1731 3390 1963 3453 redibit
2009 3392 2090 3454 ad
2145 3393 2435 3475 apsidem
2489 3416 2659 3456 sum-

160 3511 329 3551 mam
358 3511 370 3550 ε
405 3488 466 3549 &
496 3488 585 3550 sic
616 3511 730 3570 per
759 3489 931 3551 vices
964 3490 1025 3550 in
1059 3503 1383 3554 aeternum.

271 3590 556 3670 Exempl.
597 3609 650 3667 3.
704 3588 1128 3652 Assumentes
1161 3613 1223 3652 m
1256 3591 1317 3652 ἃ
1349 3614 1390 3652 n
1423 3614 1539 3672 pro
1571 3593 1900 3673 quibusvis
1934 3593 2245 3657 indicibus
2275 3595 2659 3679 dignitatum

156 3688 519 3762 altitudinis,
578 3689 639 3750 &
691 3690 740 3762 b,
791 3712 820 3751 c
871 3711 987 3771 pro
1041 3691 1317 3752 numeris
1372 3691 1701 3772 quibusvis
1743 3692 1925 3766 datis,
1974 3715 2288 3774 ponamus
2335 3696 2467 3757 vim
2513 3718 2656 3759 cen-

818 3798 1224 3916 bAm÷cA⁷2
1261 3842 1322 3903 id
1363 3856 1474 3914 est,
1509 3856 1578 3904 ut
1616 3801 2215 3895 fnig-T-Xffmasc
2268 3807 2331 3868 in
2396 3808 2661 3893 T-X!'‘

907 3904 969 3965 A
1003 3905 1125 3968 cub.
2028 3911 2090 3972 A
2124 3914 2248 3978 cub.

155 3843 447 3924 tripetam
503 3864 642 3903 esse
696 3854 765 3903 ut
