2852 4250
1081 106 1319 154 LIBER
1353 106 1447 155 SE
1453 107 1499 155 C
1507 107 1666 155 UND
1678 109 1773 157 US.
2521 134 2553 190 3
2563 132 2593 173 2
2605 133 2635 191 5

210 288 316 328 sus
344 267 410 326 B
438 265 766 336 movend0,
799 266 1002 325 minus
1033 265 1352 326 resistetur
1393 287 1582 345 quam
1611 265 1777 326 aliud
1823 271 2089 348 quodvis
2118 273 2337 333 eadem
2381 273 2640 356 longitu-

209 365 356 426 dine
385 363 447 424 &
474 361 798 425 latitudine
827 362 1208 441 descriptum
1238 360 1505 422 solidum
1536 361 1842 424 circulare.

427 645 1052 706 PROPOSITIO
1141 645 1468 707 XXXV.
1594 646 2154 709 PROBLEMA
2242 651 2414 712 VII.

42 822 51 893 ,⁷
116 903 122 908 ¹
209 828 291 888 Si
313 827 574 887 medium
603 847 826 885 rarum
864 847 934 885 ex
955 825 1297 904 particulis
1332 846 1518 904 quam
1547 825 1823 886 minimis
1858 827 2284 906 quiescentibus
2316 832 2645 910 aequalibus

294 939 376 1002 69³
402 937 493 997 aa'
512 938 766 1017 aequales
792 938 867 996 ab
902 935 1155 996 invicem
1182 935 1514 995 distantias
1542 937 1723 996 libere
1747 937 2051 1016 dispositis
2077 949 2297 1000 constet
2313 967 2331 1002 .·
2375 942 2648 1003 iuvenire

290 1049 690 1109 resistentiam
707 1048 884 1127 globi
907 1048 975 1107 in
1002 1047 1108 1106 lzec
1136 1046 1324 1106 mea'ie
1348 1046 1751 1124 uniformiter
1767 1051 2125 1129 pregredzea
2132 1051 2221 1112 tis.

321 1245 454 1305 Cas:
499 1264 545 1303 1.
597 1240 930 1321 Cylindrus
981 1242 1202 1302 eadem
1254 1242 1557 1303 diametro
1617 1242 1677 1302 δε
1727 1241 2050 1303 altitudine
2100 1244 2445 1323 descriptus
2502 1268 2640 1325 pro-

204 1342 381 1424 gredi
451 1339 826 1421 intelligatur
894 1339 1115 1399 eadem
1186 1338 1515 1400 velocitate
1584 1341 1923 1400 secundum
1991 1339 2441 1421 longitudinem
2513 1345 2647 1402 axis

206 1441 300 1500 sui
349 1440 410 1500 in
458 1439 680 1500 eodem
733 1438 954 1499 medi0.
1052 1438 1139 1497 Et
1185 1459 1489 1517 ponamus
1539 1438 1707 1517 quod
1759 1436 2073 1516 particulae
2126 1439 2328 1510 medii,
2380 1440 2440 1498 in
2494 1461 2647 1519 quas

205 1537 430 1619 globus
477 1537 578 1598 vel
639 1535 951 1616 cylindrus
1001 1536 1227 1607 incidit,
1277 1536 1339 1595 vi
1400 1536 1750 1596 reflexionis
1802 1558 1991 1615 quam
2043 1537 2313 1595 maxima
2360 1537 2643 1599 resiliant.

211 1637 299 1697 Et
340 1658 480 1697 cum
528 1636 877 1696 resistentia
921 1633 1091 1715 globi
1145 1633 1281 1715 (per
1327 1636 1813 1714 propositionem
1867 1634 2289 1714 novissimam)
2332 1635 2410 1694 sit
2460 1635 2650 1714 duplo

207 1735 408 1795 minor
454 1755 640 1813 quam
683 1733 1032 1793 resistentia
1077 1731 1352 1811 cylindri,
1395 1733 1455 1793 &
1500 1732 1723 1813 globus
1771 1732 1851 1791 sit
1897 1731 1976 1790 ad
2026 1731 2368 1810 cylindrum
2416 1746 2484 1791 ut
2526 1733 2651 1793 duo

205 1832 286 1893 ad
331 1833 464 1907 tria,
499 1832 558 1892 &
602 1830 913 1911 cylindrus
960 1831 1290 1892 incidendo
1336 1829 1922 1910 perpendiculariter
1966 1829 2026 1888 in
2071 1828 2415 1907 particulas,
2459 1830 2647 1908 ipsas-

206 1952 329 2011 que
376 1952 562 2010 quam
616 1930 884 1990 maxime
936 1929 1326 1999 reflectendo,
1377 1928 1630 2008 duplam
1678 1928 1771 1987 sui
1826 1927 2015 2005 ipsius
2063 1925 2454 1986 velocitatem
2503 1927 2650 2005 ipsis

206 2028 662 2089 communicet:
723 2027 1050 2108 cylindruS‚
1106 2049 1231 2107 quo
1292 2039 1572 2106 tempore
1631 2025 1949 2085 dimidiam
2009 2023 2458 2104 longitudinem
2517 2026 2650 2084 axis

206 2128 300 2187 sui
347 2126 732 2187 uniformiter
782 2126 1242 2207 progrediendo
1290 2125 1596 2196 describit,
1647 2123 2124 2185 communicabit
2175 2137 2411 2183 motum
2462 2123 2647 2201 parti-

206 2224 373 2295 culiS,
423 2224 527 2303 qui
580 2224 660 2284 sit
706 2224 786 2283 ad
836 2237 1035 2284 totum
1073 2222 1331 2303 cylindri
1373 2237 1609 2284 motum
1655 2236 1723 2282 ut
1769 2222 2043 2281 densitas
2088 2222 2274 2280 medii
2320 2221 2399 2280 ad
2444 2221 2646 2281 densi-

205 2334 398 2382 tatem
445 2320 737 2401 cylindri;
787 2321 847 2381 &
892 2319 1133 2402 globus
1178 2343 1303 2400 quo
1351 2334 1630 2400 tempore
1682 2333 1875 2380 totam
1921 2318 2369 2401 longitudinem
2418 2320 2647 2379 diame-

207 2421 283 2480 tri
342 2441 471 2480 suae
530 2419 918 2479 uniformiter
979 2420 1441 2500 progrediendo
1506 2420 1811 2490 describit,
1874 2420 2349 2479 communicabit
2411 2431 2649 2479 motum

207 2517 475 2578 eundem
519 2516 867 2597 particulis;
915 2516 975 2576 &
1020 2539 1145 2597 quo
1177 2530 1457 2596 tempore
1501 2517 1656 2577 duas
1688 2517 1897 2576 tertias
1943 2530 2148 2595 partes
2194 2517 2475 2576 diametri
2520 2538 2649 2576 suae

207 2615 512 2686 describit,
574 2615 1052 2675 communicabit
1110 2628 1346 2676 motum
1406 2613 1734 2694 particuliS,
1789 2616 1893 2694 qui
1952 2616 2032 2675 sit
2088 2615 2167 2674 ad
2227 2627 2426 2675 totum
2482 2612 2651 2694 globi

209 2725 445 2773 motum
476 2725 545 2772 ut
588 2712 864 2773 densitas
897 2714 1083 2774 medii
1129 2714 1210 2774 ad
1255 2714 1627 2773 densitatem
1663 2711 1848 2794 globi.
1944 2714 2031 2773 Et
2073 2726 2400 2792 propterea
2428 2711 2651 2793 globus

209 2809 618 2870 resistentiam
663 2811 907 2889 patitur,
942 2832 1082 2890 quae
1114 2811 1194 2870 sit
1239 2811 1319 2870 ad
1351 2811 1479 2870 vim
1525 2832 1648 2889 qua
1688 2823 1853 2870 totus
1886 2813 2018 2892 ejus
2051 2824 2254 2871 motus
2285 2809 2384 2870 vel
2430 2811 2651 2870 auferri

209 2910 407 2989 possit
456 2907 556 2970 vel
613 2910 897 2990 generari
958 2931 1083 2989 quo
1136 2922 1417 2989 tempore
1464 2910 1620 2969 duas
1672 2909 1882 2969 tertias
1935 2922 2141 2988 partes
2193 2908 2475 2968 diametri
2523 2930 2651 2968 suae

209 3007 594 3068 uniformiter
641 3005 1120 3089 progrediendo
1148 3008 1454 3079 describit,
1499 3021 1567 3068 ut
1606 3007 1879 3068 densitas
1925 3007 2111 3067 medii
2157 3006 2237 3066 ad
2282 3006 2651 3067 densitatem

206 3101 392 3184 globi.

325 3202 458 3263 Cas,
496 3222 546 3263 2.
601 3202 911 3263 Ponamus
957 3204 1125 3284 quod
1173 3203 1488 3284 particulae
1534 3204 1719 3264 medii
1770 3204 1830 3262 in
1876 3202 2130 3284 globum
2168 3201 2267 3262 vel
2312 3200 2652 3280 cylindrum

210 3297 551 3359 incidentes
593 3321 715 3361 non
764 3301 1188 3374 reflectantur;
1237 3302 1297 3361 &
1341 3300 1652 3381 cylindrus
1698 3300 2027 3360 incidendo
2071 3297 2654 3378 perpendiculariter

209 3394 271 3454 in
301 3396 631 3475 particulas
661 3397 1004 3477 simplicem
1036 3421 1214 3459 suam
1245 3398 1638 3460 velocitatem
1686 3398 1833 3477 ipsis
1865 3397 2355 3465 communicabit,
2390 3395 2651 3473 ideoque

210 3493 621 3554 resistentiam
652 3497 884 3574 patitur
913 3496 1104 3576 duplo
1136 3498 1439 3558 minorem
1470 3518 1658 3576 quam
1690 3498 1750 3556 in
1790 3496 1993 3575 priore
2024 3516 2184 3565 casu,
2219 3494 2278 3553 ἃ
2308 3492 2653 3604 resistentia

208 3589 376 3671 globi
406 3592 523 3651 erit
554 3594 745 3653 etiam
776 3593 968 3673 duplo
999 3595 1201 3655 minor
1230 3616 1418 3674 quam
1449 3595 1633 3673 prius,

327 3689 461 3751 Cas,
502 3710 553 3767 3.
611 3691 923 3752 Ponamus
947 3692 1116 3771 quod
1147 3691 1461 3771 particulae
1487 3691 1674 3751 med11
1698 3712 1762 3750 vl
1787 3690 2135 3750 reflexionis
2160 3708 2360 3766 neque
2385 3685 2652 3745 maxima

211 3805 413 3866 neque
444 3786 625 3859 nulla,
659 3788 772 3849 sed
815 3789 1108 3851 mediocri
1140 3788 1347 3868 aliqua
1377 3787 1649 3850 resiliant
1678 3810 1716 3847 a
1749 3786 1972 3868 globo;
2022 3786 2081 3846 8z
2112 3784 2456 3845 resistentia
2484 3781 2650 3863 globi
