2846 4224
152 104 354 167 xxxvi
1064 76 1330 147 JNI'JEX
1365 90 1730 146 CAPITUM

383 331 512 395 DE
581 326 859 391 MOTU
932 321 1469 388 CORPORUM
1540 316 1830 380 LIBER
1892 263 2441 378 SECUNDUS.
2549 410 2583 451 P

298 507 484 569 SECT.
524 503 570 568 I'.
618 503 722 564 De
777 506 949 562 motu
1006 499 1336 579 corporum
1395 494 1619 577 quibus
1678 490 2001 553 resistitur
2065 488 2136 550 in
2198 484 2446 548 ratione

732 615 1082 687 velocitatis,
1270 662 1283 674 .
1465 662 1477 674 .
1577 604 1582 609 ’
1658 659 1669 671 .
1853 658 1864 670 .
2045 658 2057 670 .
2241 653 2253 665 .
2436 649 2448 662 .
2548 618 2579 659 2
2593 616 2674 676 30

479 737 566 799 II.
617 736 720 796 De
761 740 931 794 motu
981 736 1310 810 corporum
1359 726 1584 808 quibus
1638 723 1961 786 resistitur
2008 722 2078 784 in
2123 717 2448 799 duplicata

722 847 966 909 ratione
1000 841 1351 918 velocitatis,
1459 890 1472 904 .
1651 890 1662 901 .
1847 888 1859 900 .
2042 887 2054 900 .
2237 883 2249 896 .
2434 880 2446 892 .
2547 849 2577 889 2
2589 848 2623 907 3
2637 847 2675 905 9

444 965 569 1026 III.
618 963 722 1025 De
777 968 947 1023 motu
1006 964 1336 1038 corporum
1392 954 1617 1037 quibus
1690 952 2013 1016 resistitur
2053 947 2308 1033 partim
2379 946 2452 1007 in

722 1074 967 1136 ratione
1023 1068 1371 1143 velocitatis,
1411 1068 1668 1150 partim
1722 1068 1791 1129 in
1858 1065 2128 1149 ejusdem
2201 1062 2451 1125 ratione

724 1190 1062 1271 duplicata,
1272 1236 1284 1247 .
1466 1235 1479 1248 .
1662 1235 1673 1247 .
1858 1232 1869 1244 .
2053 1231 2065 1243 .
2249 1229 2260 1241 .
2443 1227 2454 1239 .
2554 1179 2673 1254 265

327 1377 330 1380 ,
445 1309 559 1371 IV.
610 1308 712 1369 De
736 1313 1066 1386 corporum
1094 1300 1404 1364 circulari
1429 1307 1599 1360 motu
1631 1298 1700 1360 in
1739 1298 1956 1359 mediis
1989 1295 2424 1369 resistentibus,
2537 1313 2567 1353 2
2585 1309 2661 1371 74

482 1423 560 1485 V.
611 1423 714 1483 De
740 1419 1038 1481 densitate
1068 1418 1150 1483 &³
1178 1414 1609 1496 compressione
1613 1412 1995 1495 fluidorum,
2016 1411 2203 1493 deque
2238 1390 2462 1492 hydro-

724 1534 962 1606 statica,
1075 1583 1086 1595 .
1266 1582 1277 1594 .
1459 1580 1469 1591 .
1654 1580 1664 1590 .
1849 1577 1861 1591 .
2043 1577 2055 1589 .
2239 1576 2250 1587 .
2435 1576 2446 1586 .
2546 1527 2665 1586 282

446 1653 563 1714 VI.
613 1653 716 1713 De
743 1657 914 1712 motu
948 1650 1031 1715 ὅς’
1061 1646 1407 1710 resistentia
1437 1653 1767 1726 corporum
1781 1642 2386 1725 ficnependulorum,
2437 1691 2447 1703 .
2546 1660 2671 1718 294

412 1748 509 1829 VI
524 1769 568 1831 I.
617 1768 720 1829 De
746 1773 916 1828 motu
924 1763 1290 1846 fluidorum
1326 1763 1408 1828 ἐπ’
1438 1756 1785 1822 resistentia
1801 1760 2250 1843 projectilium,
2439 1807 2450 1820 .
2548 1759 2671 1836 318

372 1884 569 1946 VIII.
620 1884 721 1944 De
748 1889 918 1944 motu
933 1887 1060 1961 per
1063 1877 1286 1961 fluida
1302 1883 1673 1958 propagate,
1857 1926 1868 1937 .
2053 1926 2064 1937 .
2249 1923 2260 1934 .
2445 1923 2456 1934 .
2555 1893 2590 1951 3
2602 1890 2632 1951 5
2648 1890 2680 1951 7

435 1998 557 2061 IX.
607 1998 710 2059 De
737 2004 908 2058 motu
938 1994 1248 2057 circulari
1251 1993 1635 2076 fluidorum,
1670 2041 1681 2053 .
1860 2042 1871 2054 .
2055 2040 2066 2052 .
2250 2042 2261 2053 .
2444 2039 2455 2052 .
2555 2007 2679 2068 374

337 2304 339 2306 ,
423 2253 551 2315 DE
602 2251 938 2314 MUNDI
990 2201 1579 2313 SYSTEMATE
1636 2247 1925 2309 LIBER
1974 2246 2426 2308 TERTIUS.

176 2429 470 2491 REGULAE
522 2427 1079 2498 PHILOSOPHANDI,
1278 2474 1288 2486 .
1470 2474 1482 2487 .
1664 2472 1676 2485 .
1861 2472 1872 2484 .
2055 2472 2067 2485 .
2238 2440 2262 2487 ’.
2450 2473 2463 2487 .
2560 2425 2684 2502 387

179 2545 635 2618 PHAENOMENA,
693 2591 705 2603 .
896 2591 906 2602 .
1091 2591 1102 2602 .
1284 2591 1295 2603 .
1475 2589 1487 2601 .
1669 2586 1681 2600 .
1863 2588 1873 2599 .
2056 2586 2067 2598 .
2251 2586 2263 2598 .
2452 2587 2464 2600 .
2561 2558 2687 2617 390

88 2707 105 2719 .
181 2658 707 2732 PROPOSITIONES,
887 2706 898 2717 .
1082 2705 1092 2717 .
1275 2704 1286 2715 .
1471 2703 1482 2713 .
1666 2701 1679 2715 .
1863 2701 1873 2712 .
2057 2699 2069 2713 .
2253 2701 2265 2713 .
2451 2701 2463 2714 .
2563 2669 2682 2731 395

178 2771 528 2834 SCHOLIUM
581 2771 959 2842 GENERALE,
1083 2818 1094 2830 .
1222 2771 1289 2829 ’.
1374 2836 1377 2839 ,
1472 2817 1483 2828 .
1667 2817 1677 2828 .
1856 2816 1874 2843 Ι.
2059 2815 2070 2826 .
2254 2815 2265 2826 .
2450 2815 2462 2827 .
2563 2770 2685 2844 526
