2852 4250
193 70 320 148 448
1043 68 1162 118 DE
1194 68 1481 120 MUNDJ
1510 69 1870 123 SYSTEMA
1880 72 1978 123 TE

195 250 408 300 motus
483 235 734 299 medius
797 236 1111 300 nodorum
1161 234 1395 300 circulo
1460 237 1578 301 toti
1638 241 2055 322 respondens
2154 242 2247 307 Et
2313 257 2527 309 motus
2589 267 2702 311 no-

191 338 435 411 dorum,
467 348 610 419 'quo
663 349 953 419 tempore
1005 335 1100 399 sol
1150 338 1363 422 pergit
1406 338 1490 400 ab
1534 340 1623 402 N
1644 341 1728 403 ad
1758 343 1852 416 A,
1886 355 1987 406 est
2015 343 2099 406 ad
2141 353 2270 435 19⁸²·
2305 345 2414 426 49'
2447 346 2527 428 3'l
2560 346 2702 429 55'''

193 453 264 503 ut
295 462 444 502 area
474 440 562 500 N
577 439 648 500 A
676 439 742 501 Z
768 439 851 500 ad
883 436 1185 500 circulum
1217 451 1438 503 totum.

295 541 462 603 Haec
495 540 603 602 ·ita
651 561 721 602 se
774 539 1013 601 habent
1065 561 1146 601 ex
1195 538 1555 621 hypothesi,
1611 541 1788 624 quod
1834 544 2042 607 nodus
2087 545 2260 610 horis
2304 547 2572 633 singulis
2636 551 2700 614 in

188 639 398 704 locum
443 640 720 722 priorem
766 638 1121 714 retrahitur,
1171 641 1261 702 sic
1307 653 1378 702 ut
1422 640 1518 704 sol
1563 664 1735 707 anno
1783 656 1920 708 toto
1966 646 2286 730 completo
2329 649 2413 712 ad
2460 651 2717 716 nodum*

187 743 464 806 eundem
497 741 718 804 redeat
746 762 785 801 a
815 762 944 821 quo
975 741 1095 802 sub
1128 740 1308 804 initio
1333 742 1660 826 digressus
1690 744 1911 810 fuerat.
2031 747 2277 811 Verum
2308 771 2425 832 per
2454 763 2699 815 motum

188 843 339 906 nodi
397 842 469 904 fit
512 854 584 902 ut
629 839 724 903 sol
771 840 954 902 citius
999 841 1083 902 ad
1131 842 1372 904 nodum
1419 858 1792 922 revertatur,
1843 847 1906 910 δε
1936 850 2370 932 computanda
2411 851 2550 936 jam
2601 866 2702 917 est

185 942 580 1006 abbreviatio
633 940 952 1022 temporiS.
1049 941 1215 1004 Cum
1264 941 1358 1006 sol
1407 967 1579 1009 anno
1631 961 1768 1012 toto
1821 949 2114 1013 conficiat
2164 956 2290 1030 360
2332 952 2588 1036 graduS,
2637 953 2701 1017 &

185 1045 391 1108 nodus
459 1056 636 1106 motu
686 1043 968 1105 maximo
1021 1043 1252 1107 eodem
1307 1058 1597 1128 tempore
1650 1049 1993 1114 conficeret
2047 1061 2188 1132 39⁸*
2241 1052 2344 1134 38'
2397 1052 2474 1134 7''
2537 1053 2698 1135 5o''',

183 1168 296 1208 seu
332 1150 474 1225 39,6
482 1166 515 1225 3
527 1163 601 1225 55
636 1145 910 1228 gradus;
960 1144 1023 1206 &
1053 1159 1266 1209 motus
1298 1149 1637 1212 mediocris
1670 1151 1822 1214 nodi
1855 1152 1918 1214 in
1950 1150 2093 1216 loco
2124 1155 2354 1237 quovis
2384 1156 2474 1217 N
2487 1156 2572 1219 sit
2615 1157 2699 1220 ad

183 1246 381 1328 ipsius
428 1259 673 1308 motum
721 1245 1109 1307 mediocrem
1158 1247 1221 1308 in
1277 1249 1682 1330 quadraturis
1725 1251 1871 1326 suiS,
1927 1266 2000 1315 ut
2050 1255 2120 1316 A
2149 1256 2214 1318 Z
2228 1279 2269 1338 q
2298 1256 2381 1318 ad
2428 1256 2499 1318 A
2539 1258 2605 1319 T
2615 1281 2698 1341 q:

182 1347 301 1409 erit
325 1359 536 1409 motus
562 1345 715 1409 solis
740 1346 822 1407 ad
855 1359 1100 1409 motum
1123 1348 1272 1410 nodi
1297 1349 1358 1411 in
1383 1350 1478 1424 Ν,
1514 1364 1584 1413 ut
1618 1357 1743 1432 360
1773 1354 1843 1415 A
1888 1354 2000 1437 Tq
2028 1356 2111 1417 ad
2148 1362 2417 1438 39,6355
2446 1359 2517 1420 A
2543 1360 2652 1442 Zq
2673 1388 2700 1435 ,-

183 1448 246 1510 id
279 1461 391 1522 est,
426 1460 497 1509 ut
529 1450 712 1527 9‚082
729 1453 892 1528 7667
939 1449 1008 1509 A
1047 1450 1112 1511 T
1118 1473 1159 1532 q
1189 1451 1271 1513 ad
1303 1452 1374 1513 A
1403 1454 1468 1514 Z
1480 1476 1536 1535 q.
1595 1453 1795 1517 Unde
1819 1455 1873 1517 si
1899 1454 2112 1518 circuli
2144 1458 2339 1521 totius
2370 1459 2746 1522 circumfe-·'

1694 2780 1738 2818 n

167 2970 369 3032 rentia
414 2971 584 3034 NA
615 2996 659 3035 n
708 2974 1034 3038 dividatur
1079 2977 1141 3038 in
1189 2978 1531 3059 particulas
1578 2980 1860 3064 aequales
1904 2985 1976 3046 A
2004 3008 2061 3060 a,
2114 2999 2369 3071 tempus
2415 3012 2545 3073 quo
2592 2990 2687 3055 sol

165 3086 489 3153 percurrat
533 3065 906 3155 particulam
953 3079 1105 3155 Aa,
1140 3080 1193 3141 si
1240 3079 1510 3144 circulus
1557 3084 1928 3165 quiesceret,
1963 3087 2084 3150 erit
2127 3089 2210 3151 ad
2258 3103 2512 3173 tempus
2559 3115 2688 3176 quo

163 3175 471 3254 percurrit
502 3176 774 3238 eandem
807 3178 1197 3259 particulam,
1246 3182 1299 3243 si
1332 3181 1601 3247 circulus
1632 3208 1759 3248 una
1790 3209 1934 3249 cum
1967 3190 2155 3252 nodis
2188 3192 2352 3254 circa
2398 3207 2686 3257 centrum

174 3274 239 3334 T
281 3272 664 3353 revolvatur,
716 3280 1036 3361 reciproce
1088 3295 1159 3342 ut
1213 3286 1578 3366 9.0827667
1631 3288 1701 3349 A
1745 3289 1810 3350 T
1815 3314 1856 3373 q
1907 3291 1990 3353 ad
2038 3296 2401 3375 9.0827667
2463 3297 2535 3358 A
2573 3297 2639 3359 T
2646 3319 2688 3380 q
2771 3315 2773 3317 ’

175 3376 318 3443 ÷A
346 3376 411 3436 Z
424 3398 479 3458 q.
600 3376 775 3439 Nam
821 3394 1076 3462 tempus
1108 3396 1207 3445 est
1252 3386 1574 3468 reciproc'e
1605 3403 1676 3452 ut
1706 3389 2012 3454 velocitas
2045 3415 2173 3476 qua
2202 3395 2512 3477 particula
2540 3419 2682 3480 per-

159 3475 442 3550 curritur,
472 3475 534 3538 &
565 3476 704 3539 haec
735 3478 1040 3543 velocitas
1073 3497 1172 3545 est
1202 3507 1454 3550 summa
1484 3488 1896 3554 velocitatum
1928 3491 2080 3556 solis
2113 3494 2177 3557 &
2206 3497 2374 3562 nodi.
2479 3489 2686 3582 Igitur

157 3575 210 3637 si
256 3589 527 3659 tempuS,
563 3600 691 3660 quo
722 3578 816 3642 sol
849 3581 986 3644 sine
1017 3597 1193 3646 motu
1228 3588 1378 3649 nodi
1427 3606 1824 3671 percurreret
1853 3615 2069 3657 arcum
2099 3596 2292 3672 NA,
2326 3612 2685 3682 exponatur
2767 3595 2772 3651 Ῐ
2849 3620 2852 3636 ²

155 3699 272 3760 per
322 3691 638 3742 sectorem
684 3681 773 3742 N
798 3682 967 3757 TA,
1018 3684 1080 3747 &
1125 3688 1435 3767 particula
1488 3694 1794 3774 temporis
1849 3717 1978 3778 quo
2024 3713 2421 3779 percurreret
2463 3722 2682 3764 arcum
2764 3774 2766 3777 ¹

155 3802 349 3862 quam
373 3782 706 3845 minimum
737 3785 807 3845 A
832 3807 888 3858 a,
912 3801 1271 3868 exponatur
1288 3812 1405 3871 per
1426 3795 1690 3856 sectoris
1714 3796 2088 3878 particulam
2118 3801 2190 3862 A
2229 3802 2296 3863 T
2305 3825 2390 3877 a,·
2421 3803 2484 3867 &
2516 3802 2681 3888 (per-

153 3881 493 3962 pendiculo
561 3906 603 3947 a
636 3885 704 3947 Y
757 3886 820 3948 in
866 3887 1009 3950 Nn
1055 3889 1360 3976 demisso)
1411 3893 1464 3956 si
1519 3895 1582 3957 in
1631 3897 1702 3958 A
1731 3899 1797 3959 Z
1837 3899 2125 3981 capiatur
2165 3901 2218 3963 d
2225 3903 2302 3979 Z,
2352 3904 2491 3990 ejus
2541 3904 2677 3970 lon-
