2846 4224
157 185 230 244 14
1079 162 1391 213 AXIOMA
1402 161 1511 224 TA,
1550 161 1734 212 SIVE

1134 427 1388 491 LEX
1485 426 1672 489 III.

146 609 216 672 A
225 607 421 671 ctz'onz'
443 604 836 669 contrariam
863 611 1099 685 semper
1140 602 1223 668 &³
1250 600 1553 682 aequalem
1586 620 1703 660 esse
1730 595 2097 659 reaclz'onem
2117 622 2137 659 .-
2180 596 2308 658 sz‘ve
2333 606 2664 683 corpo-rum

216 725 508 789 ‚duorum
565 720 828 783 actiones
884 719 956 780 in
1013 740 1075 780 se
1129 724 1349 778 mutuo
1398 723 1635 796 semper
1689 736 1826 777 esse,
1860 714 2125 796 aequales
2187 714 2270 780 &³
2328 713 2400 776 in
2442 723 2669 797 parles

236 837 595 902 contrarias
622 835 838 918 dz'rzgrz'.

267 1007 590 1090 Quicquid
650 1006 881 1088 premit
924 1003 1027 1067 vel
1074 1003 1267 1066 trahit
1325 1002 1608 1076 alterum,
1658 1000 2036 1063 tantundem
2097 1000 2180 1062 ab
2233 1022 2312 1063 eo
2358 1002 2669 1083 premitur

150 1110 254 1175 vel
315 1111 595 1174 trahitur.
736 1108 808 1170 Si
869 1108 1011 1189 quis
1072 1105 1351 1188 lapidem
1411 1104 1614 1188 digito
1675 1103 1922 1184 premit,
1986 1102 2297 1183 premitur
2357 1102 2420 1164 &
2480 1103 2668 1188 hujus

151 1214 389 1297 digitus
441 1234 480 1273 a
530 1209 759 1292 lapide.
852 1209 924 1271 Si
971 1231 1173 1290 equus
1219 1206 1498 1288 lapidem
1544 1206 1676 1267 funi
1724 1203 2053 1287 alligatum
2115 1204 2323 1277 trahit,
2389 1206 2666 1269 retrahe-

152 1328 255 1377 tur
298 1314 490 1376 etiam
538 1312 600 1374 &
645 1333 847 1393 equus
899 1309 993 1394 (ut
1038 1310 1126 1371 ita
1170 1307 1402 1392 dicam)
1454 1305 1784 1389 aequaliter
1830 1305 1891 1367 in
1938 1302 2260 1386 lapidem:
2309 1327 2457 1367 nam
2502 1306 2671 1369 funis

151 1416 448 1496 utrinque
493 1413 807 1474 distentus
853 1412 1082 1474 eodem
1128 1409 1453 1473 relaxandi
1500 1432 1571 1471 se
1615 1420 1845 1471 conatu
1893 1405 2146 1489 urgebit
2177 1428 2415 1488 equum
2447 1429 2672 1469 versus

152 1516 447 1599 lapidem,
481 1537 554 1576 ac
584 1513 861 1595 lapidem
911 1535 1134 1575 versus
1183 1534 1455 1594 equum;
1504 1523 1881 1591 tantumque
1924 1507 2232 1589 impediet
2261 1530 2672 1593 progressum

151 1619 338 1681 unius
384 1629 692 1699 quantum
738 1627 1075 1697 promovet
1126 1635 1536 1697 progressum
1589 1611 1863 1674 alterius,
1989 1610 2060 1673 Si
2123 1633 2352 1692 corpus
2413 1610 2674 1694 aliquod

154 1721 217 1783 in
278 1741 505 1801 corpus
565 1716 735 1779 aliud
811 1716 1186 1799 impingenS,
1250 1728 1494 1777 motum
1569 1714 1706 1798 ejus
1767 1713 1831 1774 vi
1902 1734 2019 1775 sua
2093 1711 2676 1795 quomodocunque

161 1821 518 1894 mutaverit,
554 1820 722 1881 idem
755 1839 1012 1900 quoque
1043 1817 1322 1879 vicissim
1356 1817 1418 1878 in
1452 1828 1627 1878 motu
1661 1815 1919 1897 proprio
1950 1815 2223 1877 eandem
2256 1815 2676 1878 mutationem

162 1924 224 1986 in
262 1936 508 2005 partem
551 1920 928 1983 contrariam
966 1919 1029 1981 vi
1076 1917 1332 1981 alterius
1383 1916 1492 2002 (ob
1538 1916 1969 1999 aequalitatem
2015 1917 2361 1998 pressionis
2408 1916 2672 2002 mutuae)

159 2025 412 2088 subibit.
554 2023 681 2084 His
758 2021 1111 2084 actionibus
1189 2018 1469 2103 aequales
1548 2020 1708 2082 fiunt
1768 2020 2171 2093 mutationeS,
2245 2041 2373 2083 non
2444 2018 2680 2082 veloci-¹

160 2138 378 2198 tatum,
434 2124 549 2186 sed
603 2136 926 2198 motuum;
973 2122 1212 2185 scilicet
1271 2123 1334 2184 in
1395 2123 1764 2204 corporibus
1827 2144 1954 2185 non
2016 2120 2274 2185 aliunde
2335 2122 2673 2205 impeditis,

167 2227 564 2289 Mutationes
623 2225 793 2288 enim
868 2222 1294 2298 velocitatum‚
1359 2224 1421 2286 in
1483 2224 1828 2286 contrarias
1905 2224 2125 2287 itidem
2186 2238 2400 2307 partes
2475 2225 2677 2299 factae,

168 2329 318 2412 quia
376 2340 587 2390 motus
639 2324 969 2408 aequaliter
1013 2340 1352 2400 mutantur,
1415 2339 1565 2389 sunt
1612 2326 1982 2409 corporibus
2044 2326 2364 2409 reciproce
2416 2349 2678 2410 propor-

164 2426 447 2492 tionales,
567 2427 836 2491 Obtinet
887 2428 1080 2491 etiam
1141 2428 1280 2491 haec
1331 2426 1437 2491 lex
1497 2428 1560 2490 in
1621 2429 2120 2504 attractionibuS‚
2183 2442 2255 2492 ut
2315 2429 2378 2491 in
2439 2427 2682 2493 scholio

165 2532 456 2616 proximo
486 2531 871 2614 probabitur.

909 2823 1797 2888 COROLLARIUM
1898 2825 1951 2887 Ι.
1999 2820 2001 2822 ’

167 2997 413 3080 Corpus
441 2996 683 3059 viribus
725 2996 1069 3079 conjunctis·
1109 2995 1504 3079 diagonalem
1533 2996 2142 3079 parallelogrammi
2178 2998 2375 3060 eodem
2418 3007 2691 3083 tempore

873 3113 1217 3190 describere,
1250 3135 1371 3196 quo
1402 3114 1610 3175 latera
1639 3113 1960 3195 ssparatzk.

279 3283 351 3346 Si
397 3306 625 3366 corpus
686 3283 849 3346 dato
898 3296 1201 3365 tempore,
1250 3284 1314 3345 vi
1361 3282 1497 3347 5013
1554 3284 1650 3345 M

164 3386 228 3448 in
299 3384 439 3449 loco
495 3386 566 3448 A
636 3385 959 3467 impressa,
1022 3386 1291 3448 ferretur
1348 3386 1645 3449 uniformi
1719 3337 1763 3377 Α
2525 3347 2565 3385 Β

164 3508 309 3549 cum
341 3499 517 3549 motu
563 3486 645 3548 ab
688 3488 758 3549 A
812 3486 895 3548 ad
939 3487 1007 3548 B
1028 3511 1039 3562 ;
1089 3486 1150 3549 &
1181 3487 1245 3549 vi
1277 3485 1414 3550 sola
1456 3489 1544 3549 N
1584 3488 1645 3549 in
2002 3488 2092 3532 *N

164 3587 393 3651 eodem
424 3586 564 3651 loco
596 3587 918 3669 impressa,
944 3587 1213 3650 ferretur
1234 3589 1315 3651 ab
1337 3590 1407 3651 A
1438 3589 1520 3651 ad
1551 3589 1610 3651 C
1624 3617 1643 3653 :

166 3687 561 3772 compleatur
618 3687 1279 3774 parallelogrammum
1327 3690 1558 3753 ABD
1572 3692 1641 3766 C,

165 3791 228 3854 &
258 3792 324 3854 vi
355 3804 626 3874 utraque
670 3791 908 3854 feretur
952 3814 1180 3875 corpus
1228 3790 1380 3854 illud
1412 3794 1642 3856 eodem
1831 3786 1869 3822 Ο
2619 3783 2662 3819 ¹³

163 3905 450 3976 tempore
483 3894 545 3955 in
578 3892 898 3977 diagonali
947 3895 1029 3956 ab
1058 3896 1128 3957 A
1167 3895 1248 3957 ad
1280 3896 1366 3958 D.
1485 3895 1659 3958 Nam
1711 3897 2014 3979 quoniam
2057 3898 2156 3959 vis
2188 3899 2275 3959 N
2299 3898 2433 3981 agit
2463 3919 2685 3960 secun-

162 3993 315 4056 dum
369 3993 601 4057 lineam
652 3996 804 4058 AC
845 3996 962 4078 ipsi
1008 3997 1154 4058 BD
1206 3995 1587 4078 parallelam,
1622 3997 1760 4060 haec
1806 3999 1904 4060 vis
1951 4021 2066 4080 per
2119 3998 2328 4083 legem
2395 4020 2458 4060 11
2525 3996 2683 4060 nihil
