2846 4250
1204 101 1442 151 LIBER
1481 103 1815 153 TERTIUS.
2617 120 2647 180 5
2660 123 2690 162 2
2701 119 2732 180 5

302 260 592 323 volvetur
619 260 719 320 hic
748 273 992 322 cometa
1036 263 1239 341 spatio
1288 285 1591 325 annorum
1628 281 1721 342 75,
1757 264 1980 335 &axis
2025 265 2223 346 major
2262 265 2428 326 orbis
2459 265 2593 347 ejus
2624 267 2740 327 erit

301 360 384 421 ad
435 380 617 449 axem
662 359 958 439 majorem
1003 359 1169 420 orbis
1214 363 1442 443 magni,
1474 376 1543 423 ut
1602 361 1737 439 jc:
1787 380 1857 440 75
1886 383 1927 423 ><
1956 380 2026 440 75
2077 363 2157 422 ad
2214 384 2259 435 1,
2293 385 2402 424 seu
2459 367 2612 441 1778
2660 365 2740 424 ad

311 477 428 520 100
457 457 709 518 circiter.
805 456 893 516 Et
922 457 1215 518 distantia
1243 459 1487 538 aphelia
1517 474 1775 521 cometae
1806 461 1986 541 hujus
2017 459 2213 543 asole
2254 462 2369 521 erit
2398 462 2477 521 ad
2508 463 2740 522 distan-

302 555 453 616 tiam
500 553 875 614 mediocrem
922 567 1102 615 terrae
1143 578 1181 615 a
1222 555 1368 627 sole,
1402 571 1470 617 ut
1517 575 1590 634 35
1640 558 1719 617 ad
1760 579 1780 616 1
1820 558 2070 620 circiter.
2183 558 2427 635 Quibus
2480 561 2742 640 cognitis

304 652 472 713 haud
531 650 778 711 difficile
835 651 1019 712 fuerit
1075 653 1291 713 orbem
1364 653 1698 733 ellipticum
1752 669 2011 716 cometae
2070 655 2251 737 hujus
2311 656 2738 718 determinare.

307 750 524 830 Atque
563 749 697 809 haec
742 750 828 808 ita
871 752 940 809 se
985 749 1304 810 habebunt
1347 752 1398 810 si
1451 764 1693 823 cometa
1739 753 1941 830 spatio
1993 774 2295 813 annorum
2347 755 2746 835 septuaginta

303 849 580 928 quinque
638 847 699 906 in
759 847 876 907 hoc
934 848 1085 907 orbe
1145 849 1405 927 posthac
1477 850 1740 910 redierit.
1878 851 2158 910 Cometae
2235 849 2452 930 reliqui
2526 853 2743 933 majori

307 960 587 1026 tempore
633 945 870 1007 revolvi
915 946 1208 1006 videntur
1255 946 1315 1006 δε
1367 945 1548 1006 altius
1597 947 1948 1007 ascendere.

422 1045 736 1105 Caeterum
795 1058 1071 1116 cometae,
1133 1045 1214 1104 ob
1280 1066 1575 1126 magnum
1649 1067 1862 1105 eorum
1936 1067 2259 1105 numerum
2320 1044 2379 1105 &
2452 1067 2744 1127 magnam

305 1141 690 1222 apheliorum
750 1164 788 1202 a
845 1141 976 1203 sole
1034 1142 1392 1202 distantiam
1453 1143 1513 1202 &
1570 1141 1821 1223 longam
1882 1164 2117 1203 moram
2178 1143 2238 1201 in
2299 1142 2573 1221 apheliis,
2634 1165 2747 1222 per

303 1241 643 1322 gravitates
676 1241 736 1300 in
782 1262 850 1301 se
891 1254 1106 1302 mutuo
1152 1239 1428 1301 nonnihil
1474 1241 1704 1299 turbari
1754 1240 1999 1310 debent,
2035 1239 2095 1299 &
2139 1261 2352 1300 eorum
2398 1241 2744 1300 eccentrici-

303 1352 464 1419 tates
517 1339 578 1399 &
629 1337 1083 1400 revolutionum
1136 1352 1419 1418 tempora
1471 1360 1633 1398 nunc
1684 1339 1895 1419 augeri
1948 1337 2411 1417 aliquantulum,
2446 1360 2608 1398 nunc
2652 1340 2742 1398 di-

308 1438 518 1498 minui.
615 1437 883 1497 Proinde
914 1459 1038 1497 non
1069 1450 1165 1497 est
1194 1437 1650 1515 expectandum
1682 1450 1749 1495 ut
1780 1449 2021 1496 cometa
2052 1436 2216 1494 idem
2249 1436 2310 1494 in
2342 1436 2562 1495 eodem
2594 1437 2748 1496 orbe

217 1547 219 1549 ’
308 1536 368 1596 &
399 1535 619 1595 iisdem
651 1535 1033 1614 temporibus
1066 1534 1392 1613 periodicis
1417 1548 1699 1594 accurate
1723 1534 1950 1593 redeat.
2030 1532 2272 1591 Sufficit
2302 1532 2352 1590 si
2378 1534 2750 1594 mutationes

286 1634 432 1695 ⁸non
466 1634 730 1714 majores
761 1633 1144 1702 obvenerint,
1179 1653 1365 1710 quam
1398 1653 1538 1710 quae
1573 1653 1610 1690 a
1639 1632 1838 1690 causis
1870 1629 2180 1709 praedictis
2212 1630 2497 1690 oriantur.

423 1733 511 1792 Et
561 1732 703 1792 hinc
755 1732 911 1792 ratio
964 1732 1258 1801 redditur,
1292 1751 1399 1789 cur
1449 1742 1708 1789 cometae
1763 1750 1885 1789 non
1940 1728 2546 1805 comprehendantur
2585 1729 2749 1789 zodi-

303 1853 415 1892 aco
460 1852 632 1892 more
676 1829 1077 1909 planetarum,
1111 1830 1224 1890 sed
1270 1828 1415 1888 inde
1461 1828 1727 1907 migrent
1773 1826 1832 1885 ἃ
1878 1827 2145 1886 motibus
2192 1827 2376 1885 variis
2424 1827 2483 1886 in
2529 1849 2746 1887 omnes

309 1928 606 1990 coelorum
652 1928 937 2009 regiones
982 1927 1271 1988 ferantur.
1365 1925 1729 1986 Sciliceteo
1777 1924 1913 1995 fine,
1948 1938 2015 1983 ut
2065 1925 2124 1983 in
2170 1924 2428 2003 apheliis
2474 1926 2615 1996 suis,
2649 1926 2752 1985 ubi

309 2027 660 2090 tardissime
691 2039 1035 2097 moventur,
1070 2048 1257 2105 quarn
1289 2024 1648 2105 longissime
1680 2023 1910 2082 distent
1940 2023 2018 2081 ab
2051 2023 2329 2093 invicem,
2359 2023 2417 2082 ἃ
2441 2045 2508 2082 se
2540 2037 2753 2084 mutuo

311 2148 499 2207 quam
544 2126 796 2185 minime
829 2125 1092 2185 trahant.
1204 2124 1349 2202 Qua
1379 2124 1459 2183 de
1489 2144 1674 2183 causa
1705 2135 1963 2182 cometae
1995 2121 2099 2200 qui
2133 2120 2312 2179 altius
2351 2121 2750 2193 descendunt,

315 2227 585 2306 ideoque
616 2225 966 2285 tardissime
997 2237 1329 2285 moventur
1360 2224 1420 2282 in
1452 2221 1726 2301 apheliis,
1761 2220 1991 2280 debent
2021 2218 2200 2278 altius
2232 2220 2580 2280 ascendere.

433 2325 712 2395 Cometa,
746 2323 851 2402 qui
883 2344 1047 2383 anno
1088 2326 1245 2383 1680
1275 2321 1577 2401 apparuit,
1610 2320 1810 2378 minus
1855 2317 2125 2378 distabat
2168 2339 2205 2375 a
2248 2315 2377 2376 sole
2423 2318 2483 2376 in
2514 2317 2752 2396 perihe-

315 2423 397 2484 lio
442 2445 555 2484 suo
601 2444 787 2502 quam
833 2434 1009 2500 parte
1061 2433 1239 2481 sexta
1286 2418 1570 2479 diametri
1624 2416 1804 2489 solis;
1874 2416 1933 2475 ἃ
1969 2428 2221 2495 propter
2249 2437 2554 2474 summam
2586 2415 2752 2476 velo-

311 2521 562 2581 citatem
622 2521 684 2580 in
743 2520 969 2580 vicinia
1027 2518 1128 2578 illa
1189 2517 1248 2578 &
1307 2518 1681 2577 densitatem
1756 2513 2025 2593 aliquam
2099 2513 2530 2592 atmosphaerae
2589 2514 2752 2584 soliS,

309 2619 723 2680 resistentiam
776 2616 1134 2679 nonnullam
1188 2617 1417 2677 sentire
1469 2616 1685 2675 debuit
1738 2614 1797 2673 ἃ
1848 2610 2292 2691 aliquantulum
2345 2612 2641 2672 retardari
2695 2613 2755 2672 &

311 2719 566 2799 propius
625 2717 705 2777 ad
765 2715 960 2777 solem
1013 2716 1350 2777 accedere:
1423 2714 1483 2774 &
1542 2712 1799 2794 singulis
1859 2709 2343 2772 revolutionibus
2403 2711 2757 2772 accedendo

311 2819 392 2880 ad
445 2817 641 2880 solem
673 2818 902 2877 incidet
934 2818 983 2876 is
1015 2817 1269 2878 tandem
1324 2817 1384 2876 in
1431 2837 1653 2894 corpus
1700 2813 1858 2875 solis,
1958 2810 2086 2870 Sed
2134 2810 2193 2869 ἃ
2238 2811 2299 2869 in
2344 2810 2603 2890 aphelio,
2651 2812 2756 2871 ubi

311 2917 662 2977 tardissime
711 2930 1011 2987 movetur,
1045 2914 1380 2994 aliquando
1433 2936 1545 2994 per
1595 2913 2022 2972 attractionem
2071 2908 2327 2969 aliorum
2380 2923 2757 2970 cometarum

314 3015 610 3076 retardari
663 3028 887 3094 potest,
946 3014 1006 3074 &
1058 3013 1322 3072 subinde
1375 3012 1436 3071 in
1496 3009 1691 3071 solem
1752 3008 2035 3068 incidere.
2156 3007 2261 3066 Sic
2320 3007 2506 3066 etiam
2565 3006 2759 3067 stellae

314 3117 471 3188 fixae,
506 3138 647 3196 quae
701 3115 1000 3196 paulatim
1052 3115 1339 3194 expirant
1391 3113 1450 3171 in
1499 3111 1699 3170 lucem
1748 3109 1806 3168 Sc
1851 3128 2132 3185 vaporeS,
2176 3106 2432 3165 cometis
2486 3106 2545 3164 in
2595 3106 2758 3183 ipsas

314 3214 726 3276 incidentibus
787 3213 953 3274 refici
1014 3225 1291 3293 possunt,
1355 3210 1415 3270 &
1474 3230 1640 3269 novo
1700 3205 1995 3265 alimento
2061 3225 2336 3263 accensae
2395 3225 2507 3282 pro
2566 3202 2758 3263 stellis

315 3313 494 3373 novis
527 3311 757 3372 haberi.
857 3311 1066 3392 Hujus
1113 3310 1360 3391 generis
1406 3320 1552 3367 sunt
1596 3304 1791 3366 stellae
1838 3304 1995 3373 fixae,
2031 3325 2170 3382 quae
2202 3302 2406 3361 subito
2438 3314 2755 3379 apparent,

315 3411 377 3472 &
406 3411 521 3470 sub
553 3410 726 3470 initio
757 3431 945 3489 quam
979 3409 1248 3468 maxime
1280 3406 1629 3487 splendent,
1658 3405 1717 3464 &
1741 3403 2004 3462 subinde
2035 3399 2328 3479 paulatim
2360 3412 2752 3458 evanescunt.

317 3507 492 3569 Talis
523 3509 638 3568 fuit
667 3507 845 3568 stella
875 3508 937 3567 in
968 3507 1263 3567 cathedra
1289 3504 1666 3583 Cassiopeiae
1693 3521 1879 3581 quam
1909 3497 2227 3558 Cornelius
2262 3496 2511 3555 Gemma
2537 3509 2757 3556 octavo

314 3607 684 3667 Novembris
742 3624 893 3682 1572
950 3604 1270 3669 lustrando
1323 3602 1487 3662 illam
1540 3599 1678 3660 coeli
1731 3610 1967 3678 partem
2021 3607 2199 3654 nocte
2247 3614 2464 3653 serena
2508 3593 2759 3653 minime

315 3704 511 3777 vidit;
579 3718 643 3765 at
688 3718 869 3765 nocte
920 3703 1203 3782 proxima
1238 3701 1513 3784 (Novem.
1553 3699 1614 3781 9)
1649 3698 1806 3759 vidit
1857 3694 1993 3754 fixis
2045 3691 2329 3751 omnibus
2380 3688 2754 3768 splendidio-

319 3823 466 3875 rem,
500 3799 726 3863 &luce
769 3822 882 3861 sua
926 3801 1032 3861 vix
1077 3801 1402 3862 cedentem
1450 3797 1696 3858 Veneri.
1795 3793 1979 3853 Hanc
2022 3791 2084 3849 T
2061 3787 2214 3869 ycho
2256 3788 2562 3848 Brahceus
2604 3788 2761 3848 vidit
