2846 4224
156 142 226 188 12
1111 123 1707 201 ‚DEFJNJTJONES

142 290 332 375 hujus
363 287 691 353 circularis·
711 291 775 353 in
813 313 1017 355 vacuo
1049 292 1278 374 quovis
1325 292 1654 365 immenso,
1687 290 1795 353 ubi
1843 288 1996 352 nihil
2043 301 2299 353 extaret
2336 286 2672 356 externum

144 392 208 455 &
251 391 550 455 sensibile
595 415 871 476 quocum
915 391 1091 477 globi
1137 392 1405 456 conferri
1451 405 1730 475 possent.
1848 391 1920 454 Si
1956 392 2094 475 jam
2140 391 2676 457 constituerentur

142 494 206 556 in
259 487 468 577 spatio
521 493 627 564 illo
679 517 946 577 corpora
997 493 1211 577 aliqua
1261 493 1612 579 longinqua
1663 494 1880 556 datam
1942 493 2108 555 inter
2158 514 2229 555 se
2287 494 2672 575 positionem

141 597 478 670 servantia,
513 594 725 679 qualia
769 609 919 658 sunt
949 594 1148 658 stellae
1181 595 1326 658 fixae
1359 596 1423 657 in
1455 595 1821 679 regionibus
1852 593 2190 657 coelorum:
2236 594 2380 657 sciri
2411 596 2673 678 quidem

142 719 270 760 non
323 710 543 779 posset
595 719 676 759 ex
736 694 1001 758 relativa
1058 695 1395 780 globorum
1456 694 1869 778 translatione
1923 695 2088 758 inter
2131 717 2412 777 corpora,
2459 709 2673 760 utrum

131 798 239 862 his
299 819 381 860 an
443 796 562 859 illis
622 796 996 859 tribuendus
1049 811 1222 860 esset
1273 811 1500 860 motus,
1625 797 1722 859 At
1766 797 1819 859 si
1865 797 2304 859 attenderetur
2346 796 2432 860 ad
2476 797 2670 874 filum,

144 898 207 962 &
259 899 844 982 deprehenderetur
895 899 1251 962 tensionem
1320 900 1457 983 ejus
1519 897 1689 960 illam
1751 899 1954 980 ipsam
2009 920 2151 961 esse
2205 920 2398 980 quam
2459 913 2672 963 motus

140 998 477 1084 globorum
552 1000 934 1082 requireret;
1019 999 1397 1064 concludere
1471 999 1688 1062 liceret
1769 1014 2015 1063 motum
2090 1022 2235 1063 esse
2313 998 2668 1084 globorum,

142 1101 204 1163 δι
269 1123 534 1182 corpora
598 1101 958 1183 quiescere;
1037 1102 1100 1164 &
1165 1116 1301 1165 tum
1367 1102 1627 1164 demum
1698 1123 1780 1163 ex
1851 1100 2264 1165 translatione
2332 1101 2670 1185 globorum

140 1202 303 1264 inter
342 1224 621 1284 corpora,
655 1202 1249 1267 determinationem
1297 1203 1483 1288 hujus
1530 1216 1741 1266 motus
1787 1201 2099 1287 colligere.
2199 1202 2422 1265 Motus
2453 1216 2670 1267 autem

138 1325 326 1366 veros
358 1325 439 1365 ex
470 1326 689 1366 eorum
721 1305 941 1378 causiS‚
976 1305 1320 1379 effectibus,
1356 1305 1418 1367 &
1448 1305 1902 1387 apparentibus
1948 1304 2320 1366 differentiis
2353 1304 2665 1390 colligere,

145 1404 207 1467 &
273 1418 492 1467 contra
558 1428 640 1467 ex
710 1406 987 1468 motibus
1054 1429 1166 1469 seu
1234 1407 1403 1469 veris
1470 1429 1582 1469 seu
1644 1406 2100 1488 apparentibus
2161 1428 2382 1468 eorum
2443 1430 2667 1471 causas

147 1506 208 1568 &
261 1507 538 1581 effectuS,
573 1507 905 1570 docebitur
956 1508 1155 1570 fusius
1211 1509 1272 1570 in
1328 1509 1760 1591 sequentibus,
1864 1507 2061 1570 Hunc
2114 1508 2286 1571 enim
2348 1508 2410 1570 in
2473 1509 2666 1573 finem

140 1621 476 1671 tractatum
508 1623 884 1692 sequentem
916 1611 1260 1691 composui.
