2852 4250
159 99 278 155 262
988 97 1106 147 DE
1138 96 1372 149 MOTU
1409 96 1717 152 CORPOR
1729 96 1855 148 UM

155 261 477 323 minuetur
525 261 598 323 A
620 261 710 323 H
753 262 817 324 in
869 262 1096 326 eadem
1153 263 1412 337 ratione,
1463 263 1526 326 &
1576 263 1647 325 A
1671 264 1722 325 J
1765 263 2089 327 minuetur
2136 264 2211 327 'in
2263 266 2509 330 ratione
2559 266 2667 331 illa

154 360 491 443 duplicata.
609 362 910 446 Augetur
954 386 1111 426 vero
1159 363 1486 445 proportio
1532 364 1911 426 resistentiae
1958 363 2041 426 ad
2088 365 2358 447 po'nduS,
2406 368 2515 430 ubi
2558 354 2664 451 yel

152 462 435 544 gravitas
502 462 797 543 specifica
863 463 983 525 sub
1050 461 1278 544 aequali
1347 463 1787 546 magnitudine
1854 463 1927 524 fit
2009 464 2230 539 minor,
2292 465 2397 528 vel
2472 469 2666 531 medii

154 562 438 624 densitas
491 563 706 645 m'ajor,
754 561 858 625 vel
904 563 1279 636 resistentia,
1320 585 1402 625 ex
1446 563 1888 646 magnitudine
1940 563 2266 639 diminuta,
2298 567 2672 632 diminuitur

155 663 218 724 in
250 663 494 726 minore
525 663 768 726 ratione
800 686 992 745 quam
1023 663 1290 745 ponduS.

267 763 418 845 Reg.
470 783 525 840 4.
578 762 900 841 Quoniam
933 763 1216 824 densitas
1248 762 1441 824 medii
1487 783 1689 844 prope
1729 762 2034 826 verticem
2067 764 2435 847 hyperbolae
2467 769 2672 853 major

153 875 252 924 est
304 884 497 943 quam
543 863 607 924 in
660 861 801 925 loco
851 864 921 924 A
955 890 981 936 ,·
1033 876 1104 924 ut
1155 862 1467 924 habeatur
1518 862 1802 924 densitas
1857 864 2212 942 mediocris,
2268 867 2463 930 debet
2507 871 2669 933 ratio

152 963 432 1024 minimae
465 963 862 1045 tangentium
901 963 962 1024 G
996 963 1062 1023 T
1095 962 1176 1023 ad
1210 975 1582 1045 tangentem
1628 964 1698 1024 A
1729 964 1818 1024 H
1854 964 2140 1039 inveniri,
2175 966 2238 1028 &
2273 967 2557 1032 densitas
2605 971 2668 1032 in

148 1063 222 1123 A
257 1063 474 1145 augeri
508 1063 571 1123 in
597 1063 842 1124 ratione
867 1061 1057 1144 paulo
1082 1063 1322 1145 majore
1343 1085 1536 1144 quam
1562 1063 1993 1127 semisummae
2020 1065 2244 1128 harum
2269 1071 2668 1151 tangentium

149 1161 232 1223 ad
264 1162 589 1223 minimam
622 1163 1020 1245 tangentium
1059 1162 1121 1224 G
1150 1162 1220 1224 T.

263 1263 414 1344 Reg.
471 1280 522 1341 5.
576 1262 647 1324 Si
708 1263 940 1324 dantur
999 1260 1433 1345 longitudines
1492 1263 1564 1324 A
1594 1264 1689 1336 Is,
1752 1264 1822 1325 A
1850 1266 1908 1339 J,
1976 1265 2039 1328 &
2105 1266 2527 1332 describenda
2586 1272 2669 1334 sit

151 1361 684 1444 figuraAGK:
730 1363 973 1444 produc
1004 1363 1192 1424 HN
1232 1362 1313 1423 ad
1345 1363 1436 1436 X,
1471 1375 1541 1424 ut
1572 1363 1655 1425 sit
1684 1363 1865 1426 HX
1907 1365 2260 1430 adAIut
2290 1384 2454 1438 7241
2494 1372 2576 1433 ad
2618 1394 2667 1447 1,

149 1475 494 1543 centroque
534 1463 612 1523 X
656 1463 718 1525 ἃ
762 1462 1141 1545 asymptotis
1186 1462 1282 1522 M
1295 1462 1386 1535 X,
1419 1462 1507 1523 N
1523 1463 1601 1524 X
1645 1485 1761 1544 per
1804 1478 2110 1546 punctum
2154 1469 2225 1529 A
2276 1469 2673 1535 describatur
2756 1470 2787 1492 ⁵

148 1561 512 1644 hyperbola‚
548 1585 624 1626 ea
653 1562 814 1648 lege,
847 1577 918 1626 ut
948 1564 1031 1625 sit
1061 1563 1130 1624 A
1159 1564 1209 1624 J
1246 1563 1328 1624 ad
1362 1563 1657 1645 quamvis
1706 1565 1771 1625 V
1794 1566 1855 1628 G
1900 1579 1970 1628 ut
1998 1566 2078 1628 X
2114 1567 2179 1629 V
2188 1578 2214 1601 '‘
2246 1569 2329 1630 ad
2359 1572 2439 1633 X
2452 1573 2503 1634 J
2516 1587 2558 1637 '‘.

223 3177 376 3259 Reg.
429 3183 485 3241 6.
539 3179 690 3260 Quo
743 3185 946 3268 major
992 3202 1093 3250 est
1140 3211 1441 3253 numerus
1490 3216 1551 3267 n,
1610 3217 1689 3258 eo
1742 3198 1946 3281 magis
1996 3212 2308 3261 accuratae
2357 3211 2508 3260 sunt
2559 3198 2661 3260 hae

138 3275 510 3357 hyperbolae
564 3282 626 3341 in
681 3305 948 3346 ascensu
1011 3290 1291 3370 corporis
1352 3292 1434 3352 ab
1495 3294 1588 3368 A,
1646 3297 1708 3357 ἆ
1761 3298 1970 3359 minus
2025 3312 2336 3361 accuratae
2398 3299 2461 3359 in
2522 3299 2660 3381 ejus

135 3379 448 3442 descensu
481 3382 562 3442 ad
594 3383 678 3443 K
689 3410 715 3456 ,·
761 3384 822 3445 &
854 3399 1087 3449 contra.
1219 3389 1602 3471 Hyperbola
1647 3397 1867 3459 conica
1915 3399 2304 3461 mediocrem
2350 3399 2660 3460 rationem

135 3492 326 3552 tenet,
361 3493 588 3562 estque
619 3484 863 3546 caeteris
896 3486 1253 3568 simplicior.
1355 3491 1559 3573 Igitur
1588 3494 1640 3554 si
1674 3495 2025 3578 hyperbola
2056 3499 2139 3560 sit
2170 3499 2357 3582 hujus
2387 3498 2658 3581 generiS,

135 3579 197 3641 &
227 3595 534 3661 punctum
565 3583 655 3657 Is,
690 3585 797 3645 ubi
831 3608 1060 3668 corpus
1104 3591 1457 3673 projectum
1507 3594 1742 3658 incidet
1773 3598 1835 3658 in
1868 3612 2106 3661 rectam
2139 3599 2433 3682 quamvis
2476 3599 2547 3660 A
2578 3598 2667 3659 N

131 3700 248 3760 per
306 3693 612 3760 punctum
671 3683 741 3743 A
811 3678 1265 3764 transeuntem,
1330 3706 1695 3771 quaeratur:
1765 3713 2053 3761 occurrat
2111 3700 2421 3781 producta
2477 3699 2548 3759 A
2577 3698 2666 3759 N

131 3782 510 3861 asymptotis
543 3782 641 3842 M
651 3783 740 3856 X,
768 3785 854 3845 N
865 3786 943 3846 X
972 3787 1033 3847 in
1065 3789 1163 3849 M
1185 3789 1246 3851 Sc
1275 3793 1370 3867 JV,
1401 3793 1462 3854 ἃ
1486 3810 1773 3858 sumatur
1801 3799 1888 3859 N
1904 3801 1985 3861 K
2012 3800 2130 3882 ipsi
2160 3801 2230 3861 A
2259 3801 2357 3861 M
2377 3796 2654 3880 aequalis,

244 3882 397 3963 Reg.
456 3899 505 3960 7.
561 3882 651 3944 Et
711 3883 857 3947 hinc
917 3885 1118 3969 liquet
1177 3893 1519 3958 methodus
1580 3898 1883 3979 expedita
1955 3899 2424 3963 determinandi
2487 3898 2658 3960 hanc

2844 3904 2852 4018 i}
