2852 4250
151 132 175 173 1
191 116 270 192 56
980 109 1096 159 DE
1131 106 1368 159 MOTU
1399 102 1706 157 coRPOR
1717 102 1841 155 ΠΜ

155 281 220 343 T
230 282 309 357 Z,
366 302 493 363 qua
551 276 974 341 oscillationes
1034 275 1314 338 evadent
1372 271 1739 343 isochronae,
1802 265 1922 329 erit
1979 263 2063 326 ad
2121 262 2254 325 vim
2311 263 2648 347 gravitatis

130 382 212 444 -A
252 382 321 455 T,
347 393 419 443 ut
447 401 628 442 arcus
673 379 738 440 T
743 379 812 440 R
843 377 962 459 ipsi
1007 376 1071 438 T
1091 377 1160 437 Y
1176 371 1439 456 aequalis
1471 371 1553 433 ad
1585 390 1768 431 arcus

149 482 313 544 illius
344 482 553 542 sinum
596 479 762 542 TN.

267 581 465 643 Corol.
528 581 580 641 ’2.
654 578 745 639 Et
790 587 1128 658 propterea
1181 574 1244 635 in
1297 569 1660 654 horologiiS,
1715 568 1768 629 si

144 682 313 744 vires
372 702 412 741 a
470 677 762 740 machina
835 675 897 736 in
958 671 1307 755 pendulum
1381 670 1463 732 ad
1525 681 1768 731 motum

144 778 653 844 conservandum
684 776 1015 856 impressae
1048 773 1135 833 ita
1165 793 1309 832 cum
1341 770 1405 831 vi
1436 767 1781 852 gravitatis·

144 878 436 961 componi
482 876 743 958 possint,
799 885 870 934 ut
915 872 1014 934 vis
1068 883 1204 933 tota
1255 870 1554 931 deorsum
1603 889 1767 929 sem-

142 1001 258 1061 per
303 978 385 1039 sit
428 989 499 1037 ut
546 974 713 1036 linea
764 995 910 1054 quae
962 972 1161 1034 oritur
1211 968 1591 1051 applicando
1637 990 1767 1030 rec-

143 1075 472 1160 tangulum
533 1075 651 1136 sub
711 1095 858 1134 arcu
932 1073 996 1133 T
1007 1072 1075 1132 R
1130 1070 1192 1132 &
1245 1069 1423 1131 radio
1474 1069 1544 1129 A
1574 1069 1642 1129 R
1687 1067 1770 1129 ad

142 1178 349 1239 sinum
422 1176 592 1249 TN,
647 1171 1069 1243 oscillationes
1129 1191 1352 1233 omnes
1406 1181 1592 1231 erunt
1651 1168 1771 1230 iso-

142 1277 410 1340 chronae.

1828 652 1856 696 S

1866 1284 1903 1324 Ζ

355 1530 998 1595 PROPOSITIO
1079 1529 1280 1591 LIV.
1403 1527 1986 1591 PROBLEMA
2068 1529 2445 1593 XXXVI.

150 1706 208 1768 C
201 1704 450 1767 oncessis
487 1703 873 1787 figurarum
931 1702 1431 1764 curvilinearum
1502 1701 1939 1784 quadraturis,
2002 1703 2288 1766 invenire
2359 1711 2652 1786 tempora,

226 1805 450 1887 quibus
478 1812 736 1886 corpora
780 1803 851 1866 vi
886 1803 1161 1885 qualibet
1201 1802 1539 1884 centripeta
1583 1802 1656 1865 in
1700 1804 1886 1867 lineis
1926 1804 2390 1887 quibuscunque
2428 1805 2656 1881 curvis,

228 1905 300 1967 in
357 1906 562 1986 plano
612 1912 740 1986 per
807 1912 1092 1966 centrum
1165 1903 1408 1968 virium
1482 1911 1849 1967 transeunte
1909 1905 2247 1989 descriptis,
2304 1906 2660 1968 descendent

236 2007 320 2073 ἐς*
377 2005 712 2067 ascendent.

262 2178 632 2240 Descendat
675 2199 905 2259 corpus
951 2177 1033 2241 de
1078 2176 1218 2241 loco
1264 2179 1494 2261 quovis
1542 2180 1610 2254 S,
1643 2202 1760 2263 per
1803 2179 2036 2244 lineam
2068 2180 2363 2264 quamvis
2394 2202 2655 2244 curvam

144 2279 202 2340 S
228 2279 292 2340 T
300 2280 411 2341 tR
471 2279 533 2340 in
586 2277 778 2360 plano
838 2300 953 2360 per
1010 2279 1240 2341 virium
1287 2292 1574 2342 centrum
1628 2282 1687 2345 C
1732 2294 2103 2346 transeunte
2148 2282 2382 2346 datam.
2495 2282 2654 2366 Jun-

141 2404 330 2476 gatur
364 2392 422 2455 C
436 2392 494 2454 S
520 2390 582 2454 ἃ
612 2390 937 2453 dividatur
967 2390 1195 2453 eadem
1235 2390 1297 2451 in
1329 2411 1470 2472 par·
1535 2430 1573 2481 Q
2149 2436 2177 2478 S

144 2505 241 2555 tes
294 2492 658 2555 innumeras
718 2489 1014 2573 aequaleS,
1076 2490 1287 2577 sitque
1337 2491 1484 2553 Da'
1533 2515 1573 2556 P

144 2592 417 2673 partium
470 2590 714 2654 illarum
774 2589 999 2673 aliqua.
1123 2591 1364 2655 Centro
1422 2593 1482 2655 C

146 2691 490 2755 intervallis
576 2693 634 2755 C
655 2693 743 2765 D,
825 2692 883 2754 C
906 2692 956 2752 a'
1036 2691 1475 2754 describantur

146 2792 356 2855 circuli
386 2794 458 2855 D
488 2794 557 2867 T,
589 2792 639 2854 a'
651 2800 691 2866 t,
723 2790 907 2854 lineae
941 2813 1152 2853 curvae
1198 2793 1257 2853 S
1288 2793 1352 2854 T
1360 2794 1473 2855 tR

147 2905 547 2955 occurrentes
594 2893 656 2954 in
714 2893 778 2953 T
814 2892 876 2953 &
921 2900 961 2953 t.
1061 2891 1151 2953 Et
1195 2913 1277 2954 ex
1322 2892 1474 2954 data

147 3004 284 3054 tum
329 2990 473 3075 lege
517 2992 616 3054 vis
662 2992 1046 3073 centripetae,
1080 3004 1216 3052 tum
1263 2990 1469 3053 altitu-

147 3090 298 3153 dine
376 3090 434 3153 C
459 3091 517 3152 S
586 3091 669 3153 de
735 3112 863 3172 qua
936 3112 1165 3172 corpus
1219 3092 1471 3167 cecidit;

147 3190 401 3252 dabitur
422 3188 726 3252 velocitas
758 3191 1037 3271 corporis
1069 3189 1132 3251 in
1164 3188 1287 3252 alia
1318 3213 1470 3272 qua-

144 3297 244 3359 vis
274 3295 606 3359 altitudine
656 3296 714 3358 C
743 3297 807 3358 T
832 3297 970 3379 (per
999 3318 1175 3378 prop.
1213 3297 1468 3381 XXXIX).

149 3396 438 3478 Tempus
498 3409 729 3469 autem,
785 3418 914 3477 quo
966 3418 1195 3477 corpus
1239 3397 1470 3459 descri-

143 3498 239 3560 bit
268 3495 564 3560 lineolam
608 3497 672 3558 T
689 3504 730 3570 t,
764 3509 863 3559 est
892 3510 963 3559 ut
992 3494 1241 3559 lineolae
1287 3497 1473 3580 hujus

96 3597 494 3681 ·longitudo,
551 3597 615 3658 id
664 3609 777 3669 est,
842 3608 913 3657 ut
971 3617 1198 3658 secans
1257 3596 1474 3680 anguli

145 3706 176 3760 t
207 3699 273 3760 T
291 3698 349 3761 C
406 3697 665 3770 directe,
736 3695 798 3758 &
842 3693 1149 3758 velocitas
1203 3696 1469 3760 inverse.

148 3797 457 3879 Tempori
503 3797 649 3858 huic
701 3793 1203 3877 proportionalis
1263 3796 1347 3857 sit
1389 3800 1487 3859 or‘-

148 3898 419 3963 dinatim
454 3896 769 3980 applicata
799 3896 957 3958 DN
982 3896 1064 3958 ad
1090 3908 1326 3958 rectam
1363 3895 1476 3958 CS
2127 3901 2162 3939 C·

1920 2866 2370 2881 ..................................
