2852 4250
191 85 315 159 264
1012 86 1128 137 DE
1161 85 1342 138 MOT
1342 85 1400 136 U
1426 84 1473 135 C
1475 83 1734 136 ORPOR
1746 83 1862 134 UM

189 247 251 312 &
281 262 620 332 propterea
650 250 842 314 etiam
873 251 1136 335 aequalis
1166 253 1249 314 K
1259 252 1357 315 N.
1451 250 1586 314 Sed
1638 250 1697 312 C
1710 250 1785 312 E
1825 261 1924 312 est
1967 249 2051 312 ad
2080 250 2151 312 A
2180 250 2253 313 E
2293 263 2365 314 ut
2392 253 2466 314 F
2482 253 2572 316 H
2606 253 2690 316 ad

185 350 376 424 KN,
412 350 474 412 &
503 363 842 433 propterea
878 352 936 415 C
946 353 1018 414 E
1062 351 1123 414 &
1152 353 1224 413 ‚F
1231 352 1322 413 H
1357 361 1706 432 aequantur.
1802 347 2037 410 Incidit
2080 369 2236 433 ergo
2272 363 2582 433 punctum
2611 353 2702 414 H

186 450 249 511 in
299 449 713 532 hyperbolam
762 451 1141 538 asymptotis
1198 451 1269 512 A
1293 450 1384 523 K,
1444 449 1528 510 K
1537 449 1609 509 F
1658 446 2060 528 descriptam,
2116 449 2294 532 cujus
2354 451 2695 534 conjugata

184 550 409 611 transit
439 570 559 632 per
582 564 887 632 punctum
927 552 992 624 C,
1026 563 1219 631 atque
1251 548 1398 610 ideo
1444 546 1754 628 reperitur
1798 546 1862 607 in
1893 548 2214 610 communi
2247 549 2695 614 intersectione

184 649 552 733 hyperbolae
611 651 799 734 hujus
861 651 922 713 &
996 648 1206 712 circuli
1281 647 1597 728 descripti.
1724 646 1798 723 Q.
1821 646 1904 710 E.
1927 648 2014 709 D.
2143 647 2520 712 Notandum
2595 664 2695 714 est

178 764 392 812 autem
424 750 596 832 quod
629 750 767 812 haec
798 750 1084 831 operatio
1115 747 1381 830 perinde
1412 768 1482 808 se
1516 745 1725 818 habet,
1753 744 1891 807 sive
1915 758 2088 807 recta
2116 747 2359 810 AKN
2382 748 2692 813 horizonti

178 849 479 933 parallela
509 850 605 923 sit,
639 851 777 912 sive
808 849 889 911 ad
923 848 1315 911 horizontem
1363 847 1426 907 in
1457 842 1695 928 angulo
1736 845 1965 926 quovis
1998 844 2297 930 inclinata
2329 871 2341 911 ε
2378 849 2693 932 'quodque

179 973 260 1012 ex
329 950 577 1011 duabus
653 949 1203 1011 intersectionibus
1263 947 1358 1021 H,
1403 946 1463 1008 ,lz
1538 945 1668 1008 duo
1726 945 2046 1027 prodeunt
2105 946 2321 1030 anguli
2392 948 2564 1011 NA
2591 951 2687 1024 Is,

173 1050 261 1111 N
277 1050 347 1110 A
375 1050 461 1122 lz‚·
545 1048 607 1110 ἃ
682 1050 854 1131 quod
932 1049 994 1110 in
1070 1048 1250 1130 praxi
1339 1045 1708 1108 mechanica
1789 1045 2020 1108 sufficit
2100 1046 2402 1109 circulum
2490 1047 2690 1113 semel

173 1151 546 1223 describere,
573 1150 807 1212 deinde
833 1149 1119 1234 regulam
1146 1149 1616 1211 interminatam
1647 1148 1788 1211 CH
1811 1147 1898 1208 ita
1920 1144 2238 1229 applicare
2268 1148 2350 1210 ad
2382 1163 2689 1231 punctum

173 1251 239 1323 C,
275 1263 345 1311 ut
376 1251 511 1333 ejus
544 1272 691 1331 pars
736 1252 808 1311 F
814 1251 910 1324 H,
945 1249 1176 1313 circulo
1225 1250 1286 1312 &
1333 1263 1521 1312 rectae
1562 1250 1634 1309 F
1641 1249 1724 1309 J<
1762 1248 2107 1331 interjecta,
2142 1248 2406 1332 aequalis
2437 1250 2520 1313 sit
2549 1252 2690 1335 ejus

169 1350 331 1432 parti
370 1351 428 1411 C
440 1352 510 1411 E
539 1350 703 1412 inter
731 1365 1038 1433 punctum
1077 1352 1134 1413 C
1175 1350 1237 1412 ἃ
1269 1363 1508 1412 rectam
1542 1349 1610 1410 A
1638 1349 1721 1410 K
1758 1349 1915 1411 sitae.

289 1450 455 1529 Quae
509 1450 590 1512 de
643 1451 1009 1533 hyperbolis
1063 1451 1234 1513 dicta
1286 1464 1436 1513 sunt
1486 1448 1670 1512 facile
1730 1448 2129 1532 applicantur
2187 1450 2270 1512 ad
2330 1437 2683 1534 parabolas.
2757 1487 2761 1491 ¹

174 1548 347 1610 Nam
397 1550 450 1611 si
498 1551 576 1611 X
591 1552 660 1613 A
694 1552 854 1613 GK
898 1552 1267 1635 parabolam
1317 1552 1614 1635 designet
1662 1574 1856 1633 quam
1907 1564 2079 1613 recta
2126 1553 2203 1613 X
2237 1553 2302 1613 V
2351 1566 2575 1638 tangat
2623 1556 2685 1617 in

168 1651 406 1712 vertice
436 1652 528 1728 X,
565 1653 818 1735 sintque
850 1655 1189 1716 ordinatim
1222 1652 1555 1735 applicatae
1588 1653 1723 1725 IA,

186 1745 251 1813 V
267 1755 327 1815 G
394 1767 464 1815 ut
517 1754 818 1836 quaelibet
877 1758 1298 1819 abscissarum
1351 1758 1502 1830 XI,
1558 1757 1636 1817 Χ
1670 1756 1736 1817 V

170 1854 513 1937 dignitates
544 1856 622 1916 X
636 1858 737 1930 ln,
771 1858 849 1918 X
882 1858 946 1918 V
956 1869 980 1891 n
1002 1886 1026 1932 ‚·
1070 1872 1341 1941 agantur
1371 1859 1447 1919 X
1461 1858 1529 1931 T,
1570 1858 1630 1919 G
1653 1858 1721 1931 T,

168 1956 358 2028 Ali,
408 1978 675 2037 quarum
721 1958 893 2018 XT
942 1958 1241 2040 parallela
1300 1959 1382 2020 sit
1452 1958 1607 2031 VG,
1661 1957 1723 2020 &
1843 1983 1876 2004 κ
1931 2036 1942 2043 .

174 2056 235 2116 G
266 2056 334 2129 T,
370 2057 439 2116 A
462 2057 551 2117 H
587 2057 954 2138 parabolam
987 2072 1255 2143 tangant
1293 2061 1354 2121 in
1394 2060 1455 2122 G
1500 2059 1562 2121 ἃ
1606 2060 1676 2120 Α
1705 2086 1723 2122 .·

169 2154 230 2215 &
291 2177 518 2237 corpus
579 2157 661 2219 de
721 2156 861 2221 loco
922 2162 1151 2241 quovis
1211 2161 1304 2237 A,
1369 2160 1721 2222 secundum

165 2269 402 2318 rectam
439 2259 508 2319 A
535 2260 623 2319 H
659 2262 1051 2341 productam,
1077 2264 1253 2346 justa
1299 2285 1442 2324 cum
1489 2260 1720 2323 veloci-

165 2370 296 2419 tate
329 2360 696 2442 projectum‚
725 2362 1043 2426 describet
1067 2365 1230 2426 hanc
1255 2361 1641 2445 parabolam,
1669 2362 1721 2423 si
1785 2431 1803 2454 A

167 2459 361 2520 modo
415 2460 698 2522 densitas
754 2464 962 2537 medii,
1003 2464 1068 2526 in
1118 2463 1272 2526 locis
1321 2461 1588 2546 singulis
1644 2462 1719 2528 G.

164 2559 246 2620 sit
295 2561 612 2641 reciproce
662 2575 731 2623 ut
781 2576 1053 2647 tangens
1109 2566 1169 2626 G
1203 2565 1269 2626 T.
1396 2561 1722 2625 Velocitas

165 2673 379 2721 autem
442 2662 503 2722 in
572 2663 632 2724 G
698 2686 774 2725 ea
849 2666 969 2727 erit
1044 2688 1316 2748 quacum
1392 2662 1720 2747 projectile

165 2774 474 2842 pergeret,
561 2762 622 2823 in
705 2765 913 2845 spatio
1003 2788 1130 2828 non
1221 2766 1575 2840 resistente,
1655 2765 1718 2826 in

164 2861 466 2942 parabola
514 2864 732 2925 conica
784 2867 1087 2927 verticem
1144 2867 1221 2940 G,
1278 2867 1659 2927 diametrum
1739 2865 1803 2925 V
1818 2866 1879 2926 G
1938 2865 2239 2928 deorsum
2286 2867 2678 2949 productam,

892 2974 922 3012 2
966 2954 1027 3013 G
1062 2954 1127 3013 Τ
1138 2976 1178 3034 q

770 3081 1099 3122 7272—72x
1147 3060 1295 3123 VG

1122 3182 1152 3221 2
1190 3184 1422 3223 nrt—2
1461 3185 1504 3223 n

1324 3008 1616 3071 habente.
1716 3007 1805 3068 Et
1836 3007 2195 3070 resistentia
2228 3009 2289 3070 in
2343 3009 2405 3071 G
2448 3011 2567 3073 erit
2596 3011 2679 3073 ad

165 3002 227 3065 ἃ
271 3001 435 3064 latus
482 3017 722 3067 rectum

1552 3216 1618 3277 V
1633 3216 1707 3281 G.
1820 3217 2018 3279 Unde
2049 3218 2101 3279 si
2131 3219 2300 3281 NA
2326 3220 2408 3281 K
2444 3217 2678 3280 lineam

162 3209 294 3270 vim
324 3210 656 3293 gravitatis
689 3224 759 3272 ut
795 3211 855 3273 G
886 3212 950 3272 Τ
985 3211 1067 3273 ad
1222 3290 1390 3329 ἵζ’-2

161 3364 618 3427 horizontalem
667 3367 977 3450 designet,
1042 3366 1104 3428 &
1153 3382 1453 3431 manente
1502 3383 1637 3432 tum
1691 3372 2009 3435 densitate
2059 3375 2251 3436 medii
2303 3375 2366 3436 in
2414 3376 2507 3449 A,
2541 3387 2677 3436 tum

158 3465 497 3528 velocitate
572 3489 845 3548 quacum
921 3490 1149 3549 corpus
1225 3469 1561 3552 projicitur,
1640 3487 1921 3535 mutetur
2007 3488 2333 3558 utcunque
2405 3474 2678 3559 angulus

157 3568 245 3629 N
254 3568 325 3628 A
355 3568 444 3629 H
451 3594 477 3641 ‚·
528 3568 879 3630 manebunt
938 3566 1370 3651 longitudines
1429 3572 1500 3632 A
1527 3573 1621 3645 Η,
1683 3574 1835 3647 AI,
1898 3575 1988 3636 H
1997 3576 2090 3653 X,
2156 3576 2218 3639 &
2278 3577 2428 3639 inde
2488 3577 2678 3638 datur

156 3666 478 3749 parabolae
510 3681 734 3730 vertex
765 3669 855 3741 X,
892 3667 953 3729 &
984 3668 1216 3749 positio
1248 3682 1436 3731 rectae
1468 3672 1546 3731 X
1566 3673 1623 3746 I,
1660 3672 1721 3734 ἃ
1758 3676 2073 3738 sumendo
2122 3677 2187 3737 V
2203 3676 2264 3738 G
2303 3677 2386 3738 ad
2416 3677 2468 3738 J
2480 3677 2552 3738 A
2604 3689 2677 3738 ut

156 3769 234 3828 X
266 3769 330 3829 V
341 3778 367 3800 '²
399 3768 481 3829 ad
513 3769 591 3829 X
607 3771 712 3843 In,
747 3769 980 3831 dantur
1011 3769 1224 3831 omnia
1269 3770 1591 3851 parabolae
1622 3787 1860 3854 puncta
1897 3776 1972 3849 G,
2007 3798 2123 3858 per
2153 3799 2297 3859 quae
2345 3774 2673 3862 projectile

157 3867 462 3930 transibit.

2837 3911 2852 4114 i

2830 4128 2852 4250 1
