2852 4250
1100 101 1337 151 LIBER
1377 103 1710 154 TERTIUS.
1805 60 1807 62 Ι

187 543 464 625 partibus
510 542 566 601 S
577 541 676 613 M,
708 541 767 600 L
795 542 892 611 M
926 562 1187 620 quarum
1218 541 1276 599 L
1303 542 1397 600 M
1417 541 1477 601 &
1521 542 1711 620 ipsius
1743 544 1903 604 SM
1921 567 2062 625 pars
2105 550 2167 608 T
2173 552 2266 609 M
2298 556 2611 630 perturbat

187 655 424 704 motum
454 638 636 713 lunae,
669 652 738 699 ut
768 639 829 698 in
860 638 996 698 libri
1027 639 1207 718 primi
1253 660 1426 718 prop.
1457 659 1605 698 LXVI
1654 639 1714 699 ἃ
1743 641 1874 720 ejus
1905 643 2233 705 corollariis
2264 651 2608 728 expositum

187 752 315 816 est„
391 738 715 816 Quatenus
746 749 909 796 terra
941 736 1000 796 &
1044 735 1189 796 luna
1219 737 1445 796 circum
1477 759 1802 799 commune
1841 741 2158 819 gravitatis
2199 758 2472 806 centrum
2519 770 2608 808 re-

60 883 64 886 >
119 911 125 916 Ι
186 835 535 905 volvuntur,
585 834 1045 914 perturbabitur
1100 834 1288 894 etiam
1341 848 1544 895 motus
1603 849 1783 896 terrae
1835 837 1991 897 circa
2049 852 2324 900 centrum
2382 841 2528 902 illud
2574 866 2611 903 a

187 934 422 994 viribus
452 931 871 993 consimilibus
894 953 910 1003 3
957 931 1069 991 sed
1114 952 1387 991 summas
1431 947 1558 993 tam
1589 934 1809 994 virium
1840 957 2024 1014 quam
2070 951 2344 998 motuum
2390 940 2612 1001 referre

186 1032 330 1093 licet
371 1031 451 1092 ad
496 1030 707 1091 lunam
755 1030 815 1090 &
860 1051 1136 1089 summas
1168 1029 1391 1089 virium
1439 1053 1550 1110 per
1579 1030 1771 1091 lineas
1803 1033 1948 1111 ipsis
1997 1033 2287 1115 analogas
2346 1037 2408 1095 T
2419 1038 2512 1096 M
2552 1038 2611 1097 &

186 1131 346 1191 ML
401 1129 744 1210 designare.
837 1128 952 1187 Vis
997 1128 1160 1187 ML
1212 1128 1271 1187 in
1324 1128 1616 1189 mediocri
1668 1151 1780 1189 sua
1830 1131 2171 1209 quantitate
2217 1145 2311 1193 est
2360 1133 2439 1193 ad
2483 1135 2610 1194 vim

189 1228 610 1307 centripetam,
644 1249 768 1307 qua
797 1225 944 1286 luna
985 1226 1045 1286 in
1076 1226 1227 1287 orbe
1271 1248 1384 1287 suo
1431 1227 1589 1286 circa
1633 1241 1857 1288 terram
1902 1229 2319 1307 quiescentem
2369 1231 2449 1290 ad
2493 1231 2611 1291 dis-

187 1326 444 1388 tantiam
487 1326 552 1385 P
586 1325 648 1384 T
668 1322 905 1385 revolvi
954 1337 1180 1404 posset,
1215 1324 1276 1384 in
1322 1323 1631 1404 duplicata
1683 1326 1916 1385 ratione
1961 1338 2306 1404 temporum
2351 1329 2610 1406 periodi-

187 1445 398 1485 corum
441 1421 604 1483 lunae
636 1422 794 1483 circa
825 1434 1051 1482 terram
1085 1423 1143 1482 ἃ
1169 1435 1348 1483 terrae
1379 1424 1538 1482 circa
1567 1421 1760 1483 solem
1797 1422 1930 1501 (per
1952 1422 2129 1484 corol.
2168 1445 2187 1482 1
2207 1441 2237 1500 7
2269 1445 2438 1503 prop.
2467 1444 2614 1484 LXVI

188 1519 289 1582 lib.
347 1520 392 1603 1)
456 1521 574 1582 hoc
621 1533 732 1592 est,
777 1519 838 1579 in
892 1519 1206 1600 duplicata
1257 1521 1493 1582 ratione
1540 1521 1778 1581 dierum
1827 1536 1902 1596 27
1955 1519 2081 1580 hor.
2141 1537 2172 1597 7
2218 1521 2358 1580 min.
2410 1540 2487 1597 43
2534 1521 2613 1580 ad

185 1618 331 1680 dies
367 1625 483 1697 365
533 1619 660 1680 hor.
698 1623 735 1679 6
768 1619 911 1679 min.
949 1639 1005 1695 9,
1040 1619 1102 1678 id
1134 1632 1243 1690 est,
1276 1631 1345 1678 ut
1399 1639 1555 1680 1000
1605 1619 1685 1678 ad
1740 1619 1996 1694 178725‚
2030 1637 2138 1676 seu
2200 1638 2219 1676 1
2280 1617 2359 1676 ad
2415 1617 2609 1694 178&

191 1719 552 1779 Invenimus
582 1730 792 1778 autem
838 1717 899 1777 in
945 1717 1368 1797 propositione
1400 1729 1618 1796 quarta
1647 1716 1830 1796 quod,
1863 1716 1914 1775 si
1966 1727 2127 1775 terra
2163 1715 2222 1775 &
2271 1714 2415 1775 luna
2461 1716 2615 1775 circa

186 1837 513 1878 commune
563 1815 889 1896 gravitatis
920 1828 1201 1875 centrum
1254 1813 1665 1884 revolvantur,
1699 1819 1909 1873 earum
1958 1813 2249 1872 distantia
2293 1814 2613 1874 mediocris

98 1979 103 1982 ,
185 1915 265 1975 ab
296 1914 561 1975 invicem
592 1914 707 1974 erit
731 1913 846 1978 6οὲ
869 1913 1469 1974 semidiametrorum
1502 1912 1899 1975 mediocrium
1925 1924 2103 1981 terrae
2127 1911 2606 1990 quamproxime.

193 2015 282 2076 Et
331 2015 444 2087 viS‚
498 2035 623 2094 qua
668 2012 816 2073 luna
869 2013 929 2072 in
983 2012 1133 2072 orbe
1186 2012 1345 2071 circa
1390 2024 1615 2071 terram
1664 2010 2081 2089 quiescentem
2129 2009 2208 2068 ad
2260 2009 2610 2068 distantiam

185 2114 250 2173 P
282 2114 346 2173 T
385 2112 987 2174 semidiametrorum
1040 2110 1420 2170 terrestrium
1470 2108 1584 2173 60}
1635 2106 1870 2168 revolvi
1922 2120 2146 2186 posset,
2194 2119 2288 2167 est
2337 2106 2416 2166 ad
2467 2107 2608 2177 vim,

187 2233 312 2292 qua
368 2211 590 2272 eodem
664 2223 947 2289 tempore
1013 2208 1093 2268 ad
1153 2207 1508 2267 distantiam
1581 2205 2174 2265 semidiametrorum
2234 2210 2314 2264 60
2378 2202 2611 2265 revolvi

187 2322 414 2389 posset,
448 2322 517 2369 ut
548 2307 663 2374 6οἑ-
715 2308 795 2368 ad
829 2313 907 2368 60
935 2332 946 2381 ;
995 2306 1055 2367 &
1085 2306 1218 2366 haec
1249 2306 1343 2365 vis
1375 2305 1454 2364 ad
1486 2305 1613 2364 vim
1642 2302 1966 2384 gravitatis
1996 2301 2160 2380 apud
2192 2322 2303 2361 nos
2349 2313 2417 2360 ut
2455 2321 2476 2359 1
2531 2301 2610 2359 ad

187 2412 438 2469 60><60
495 2407 983 2487 quamproxime.
1110 2405 1387 2484 Ideoque
1445 2402 1538 2463 vis
1598 2400 1929 2476 mediocris,
1979 2400 2140 2458 ML
2202 2411 2297 2458 est
2353 2398 2432 2458 ad
2483 2398 2609 2458 vim

184 2505 508 2588 gravitatis
554 2507 615 2566 in
646 2505 970 2586 superficie
1002 2516 1181 2564 terrae
1235 2517 1303 2564 ut
1356 2524 1376 2562 1
1410 2522 1449 2562 ><
1475 2501 1589 2566 60}
1632 2501 1711 2560 ad
1743 2505 1823 2559 60
1847 2518 1885 2558 ><
1911 2502 1990 2557 60
2014 2517 2052 2557 ><
2077 2502 2156 2557 6ο
2180 2516 2219 2556 ><
2251 2495 2447 2572 Ι78τΞ-ῧ,
2500 2516 2609 2555 seu

198 2626 219 2665 1
271 2605 352 2665 ad
385 2607 710 2683 638092,6.
809 2603 966 2664 Inde
996 2624 1147 2663 vero
1193 2601 1252 2661 &
1300 2623 1377 2661 ex
1425 2599 1820 2679 proportione
1867 2595 2163 2656 linearum
2226 2595 2287 2654 T
2295 2594 2391 2664 M
2423 2593 2608 2667 ML,

187 2703 370 2763 datur
398 2703 585 2763 etiam
616 2702 711 2762 vis
754 2702 818 2761 T
829 2702 922 2760 M
933 2727 951 2762 .·
997 2700 1056 2761 ἃ
1088 2700 1184 2760 hae
1225 2711 1370 2759 sunt
1399 2698 1561 2757 vires
1592 2694 1737 2756 solis
1782 2695 2004 2775 quibus
2035 2691 2194 2752 lunae
2227 2703 2429 2751 motus
2473 2711 2608 2769 per-

189 2801 527 2862 turbantur.
622 2800 696 2875 Ω.
731 2800 810 2862 Ε.
845 2801 900 2860 J.

466 3003 1095 3066 PROPOSITIO
1174 3002 1458 3063 XXVI.
1556 2996 2116 3059 PROBLEMA
2194 2995 2358 3054 VII.

262 3157 556 3216 Invenire
581 3157 1016 3217 incrementum
1044 3155 1370 3215 horarium
1399 3174 1558 3212 areae
1582 3161 1766 3231 quam
1797 3151 1964 3219 luna,
1998 3146 2171 3207 radio
2200 3145 2287 3204 ad
2309 3151 2537 3203 terram

863 3254 1053 3328 ducta,
1088 3254 1156 3313 in
1185 3253 1322 3313 orbe
1347 3250 1648 3311 circulari
1671 3247 1958 3308 describit.

305 3404 596 3466 Diximus
628 3427 854 3480 aream,
889 3426 1076 3484 quam
1121 3401 1267 3462 luna
1319 3402 1491 3462 radio
1538 3400 1617 3460 ad
1663 3412 1887 3459 terram
1932 3396 2116 3455 ducto
2147 3390 2448 3459 describit,
2481 3406 2616 3446 esse

95 3564 100 3567 .
192 3505 455 3583 tempori
500 3502 1042 3584 proportionalem,
1077 3502 1192 3562 nisi
1239 3513 1545 3581 quatenus
1576 3510 1779 3557 motus
1820 3494 2047 3554 lunaris
2084 3492 2163 3551 ab
2193 3489 2430 3549 actione
2472 3482 2616 3543 solis

190 3602 484 3664 turbatur.
581 3600 1078 3681 Inaequalitatem
1121 3598 1418 3661 momenti
1466 3595 1565 3657 vel
1619 3591 1975 3655 incrementi
2016 3585 2237 3648 horarii
2284 3584 2380 3643 hic
2419 3582 2617 3640 inves-

193 3699 526 3780 tigandam
565 3700 987 3781 proponimus,
1117 3699 1214 3758 Ut
1259 3694 1638 3775 computatio
1688 3689 1921 3751 facilior
1965 3685 2268 3752 reddatur,
2315 3679 2616 3758 fingamus

191 3797 404 3858 orbem
434 3797 596 3860 lunae
645 3795 1000 3859 circularem
1037 3817 1192 3867 esse,
1228 3795 1288 3856 &
1341 3789 1788 3872 inaequalitates
1836 3805 2050 3847 omnes
2102 3778 2497 3860 negligamUS,
2543 3795 2617 3834 ea

115 183 130 203 ,
561 171 565 174 -
2487 137 2607 195 429
2692 145 2708 157 ⁶

189 254 248 314 -S
259 253 340 313 K
377 251 458 311 ad
509 250 565 310 S
576 250 652 320 P,
688 248 749 308 &
792 247 908 327 ipsi
955 249 1018 307 P
1047 250 1111 308 T
1141 262 1363 330 agatur
1404 249 1694 330 parallela
1736 252 1795 311 L
1821 254 1915 313 M
1920 281 1944 325 ,·
1988 256 2048 316 81
2090 259 2141 318 si
2191 263 2459 340 gravitas
2509 288 2605 326 ac-

89 339 140 370 ..
183 349 518 412 ,celeratriX
567 360 748 431 ωαχ
807 346 869 405 in
920 344 1116 406 solem
1160 359 1506 426 exponatur
1548 368 1661 426 per
1723 349 2075 412 distantiam
2128 357 2183 415 S
2211 358 2274 416 T
2305 360 2403 419 vel
2450 364 2504 422 S
2520 366 2606 435 K,

77 439 84 447 ’
188 449 306 509 erit
355 447 411 506 S
427 446 488 506 L
539 444 815 525 gravitas
866 442 1261 503 acceleratrix
1311 443 1475 504 lunae
1527 444 1588 503 in
1639 443 1848 506 solem.
1958 449 2056 509 Ea
2104 457 2487 532 ,componitur
2531 481 2607 519 ex
