2852 4250
168 114 280 175 152
975 99 1088 148 DE
1123 99 1362 150 MOTU
1392 98 1834 151 CORPORUM

155 266 255 328 vis
303 265 666 347 centripeta‚
717 266 1032 340 distantiis
1081 265 1360 328 locorum
1409 288 1448 327 a
1495 277 1713 327 centro
1761 262 2266 345 proportionaliS,
2312 265 2537 330 tendat
2579 267 2664 330 ad
2763 295 2768 300 ·

87 403 98 410 1
157 378 443 428 centrum
497 366 571 440 G,
619 366 828 448 sitque
877 388 953 427 ea
1002 367 1063 428 in
1112 368 1455 449 perimetro
1498 366 1646 427 HI
1655 365 1740 427 K
1775 363 2039 446 aequalis
2083 365 2149 426 vi
2195 366 2565 448 centripetae
2597 368 2661 430 in

156 467 499 548 perimetro
562 465 736 550 globi
814 467 872 543 Q
899 468 1033 528 OS
1101 468 1182 530 ad
1259 468 1456 550 ipsius
1530 478 1818 527 centrum
1893 465 2218 540 tendenti;
2295 466 2358 528 ἃ
2431 469 2661 532 eodem
2744 537 2747 540 ⁴

155 579 444 648 tempore
513 567 641 648 quo
714 564 1062 647 pendulum
1150 568 1216 628 T
1274 566 1612 628 dimittitur
1684 587 1720 626 e
1780 561 1921 626 loco
1981 586 2282 645 supremo
2343 567 2412 640 S,
2475 568 2663 632 cadat

155 688 381 748 corpus
442 664 699 747 aliquod
758 667 819 727 L
883 667 965 728 ab
1023 668 1114 727 H
1162 667 1245 728 ad
1311 667 1411 728 G.-
1486 664 1787 745 quoniam
1848 663 2016 725 vires
2092 664 2322 746 quibus
2397 688 2663 749 corpora

154 778 460 849 urgentur
505 777 654 826 sunt
700 763 977 846 aequales
1025 767 1145 827 sub
1194 766 1371 827 initio
1421 764 1483 826 &
1530 762 2240 844 spatiisdescribendis
2305 765 2371 826 T
2376 766 2460 839 R,
2510 766 2572 828 L
2601 768 2664 830 G

151 887 405 946 semper
433 863 951 946 proportionaleS‚
985 878 1178 946 atque
1210 865 1370 937 ide0,
1404 864 1456 925 si
1489 875 1825 944 aequantur
1871 863 1937 924 T
1943 865 2012 925 R
2059 863 2121 925 &
2165 865 2226 926 L
2256 865 2331 939 G,
2379 866 2659 948 aequales

154 966 215 1027 in
276 964 429 1027 locis
493 965 559 1025 T
607 964 668 1026 &
725 965 835 1039 L,·
884 976 1062 1046 patet
1114 986 1378 1045 corpora
1438 962 1542 1024 illa
1601 962 1961 1025 describere
2021 965 2227 1045 spatia
2287 965 2345 1027 S
2371 965 2439 1039 T,
2493 967 2654 1030 HL

152 1064 421 1146 aequalia
487 1065 606 1125 sub
667 1064 859 1137 initio,
925 1064 1197 1146 ideoque
1261 1064 1532 1126 subinde
1592 1085 1860 1146 pergere
1920 1063 2250 1147 aequaliter
2307 1068 2534 1150 urgeri,
2598 1068 2661 1131 &

150 1164 419 1246 aequalia
471 1165 676 1246 spatia
721 1165 1093 1226 describere.
1220 1164 1438 1243 Quare
1490 1164 1628 1247 (per
1671 1185 1848 1245 prop.
1900 1163 2180 1248 XXXVIII)
2230 1178 2483 1248 tempus
2529 1189 2659 1249 quo

151 1287 377 1346 corpus
409 1265 707 1327 describit
737 1287 951 1326 arcum
985 1266 1042 1326 S
1069 1267 1134 1326 T
1168 1278 1266 1327 est
1296 1266 1378 1326 ad
1411 1278 1664 1346 tempus
1696 1263 2104 1328 oscillationis
2136 1267 2339 1340 unius,
2374 1281 2445 1330 ut
2473 1291 2656 1332 arcus

144 1365 231 1426 H
242 1367 298 1440 l,
362 1379 612 1448 tempus
675 1389 803 1449 quo
864 1389 1092 1448 corpus
1151 1367 1240 1427 H
1290 1366 1624 1448 perveniet
1667 1366 1751 1428 ad
1804 1366 1884 1439 L,
1933 1366 2016 1428 ad
2070 1367 2656 1450 semiperipheriam
2763 1461 2768 1464 ι

1908 1910 1949 1950 K

141 2957 230 3017 H
237 2958 319 3018 K
329 2959 430 3032 M,
493 2972 744 3041 tempus
805 2984 932 3043 quo
993 2985 1219 3045 corpus
1280 2967 1369 3027 H
1433 2969 1767 3049 perveniet
1825 2971 1908 3032 ad
1968 2972 2070 3034 M
2197 2971 2288 3032 Et
2346 2967 2650 3033 velocitas

137 3058 416 3138 corporis
446 3060 710 3140 penduli
743 3061 805 3122 in
838 3062 976 3125 loco
1021 3065 1085 3124 T
1119 3079 1217 3126 est
1247 3067 1328 3127 ad
1361 3067 1765 3132 velocitatem
1813 3071 2010 3153 ipsius
2049 3072 2111 3133 in
2144 3070 2283 3134 loco
2314 3071 2533 3133 infimo
2563 3070 2647 3145 R,

143 3155 287 3239 (hoc
332 3171 445 3232 est,
478 3158 779 3222 velocitas
826 3165 1104 3245 corporis
1151 3167 1239 3226 H
1275 3167 1337 3228 in
1384 3167 1524 3231 loco
1569 3172 1630 3232 L
1680 3173 1762 3233 ad
1810 3172 2215 3235 velocitatem
2247 3173 2384 3254 ejus
2415 3172 2478 3233 in
2510 3170 2651 3234 loco

144 3256 222 3332 G,
284 3278 397 3319 seu
459 3259 914 3343 incrementum
976 3279 1492 3329 momentaneum
1568 3269 1754 3333 lineae
1814 3273 1973 3334 HL
2045 3273 2129 3334 ad
2190 3273 2648 3334 incrementum
2694 3314 2701 3318 -

136 3370 653 3421 momentaneum
685 3360 868 3424 lineae
900 3365 1060 3438 HG,
1095 3369 1363 3429 arcubus
1395 3371 1531 3444 HI,
1567 3373 1738 3433 HK
1775 3373 2072 3455 aequabili
2105 3374 2279 3435 fluxu
2313 3372 2646 3435 crescenti-

135 3455 279 3541 bus)
315 3471 385 3519 ut
414 3460 752 3522 ordinatim
782 3462 1097 3544 applicata
1124 3467 1241 3528 LI
1264 3469 1346 3529 ad
1378 3471 1624 3532 radium
1662 3474 1811 3547 GK,
1839 3476 1976 3537 sive
2007 3489 2078 3537 ut
2109 3477 2358 3560 ASRq.
2378 3515 2440 3524 —
2466 3478 2531 3538 T
2519 3478 2643 3560 Rq.

134 3557 216 3618 ad
289 3559 442 3621 SR.
571 3561 768 3624 Unde
817 3587 977 3638 cum,
1031 3567 1093 3626 in
1147 3567 1645 3632 oscillationibus
1707 3573 2142 3655 inaequalibus,
2207 3578 2650 3640 describantur

133 3657 483 3739 aequalibus
515 3664 906 3743 temporibus
938 3687 1119 3726 arcus
1151 3668 1299 3728 totis
1325 3668 1786 3732 oscillationum
1819 3676 2088 3737 arcubus
2119 3675 2644 3759 proportionales3

130 3756 458 3832 habentur,
514 3782 595 3821 ex
648 3762 813 3823 datis
867 3767 1276 3846 temporibuS‚
1335 3769 1396 3829 Sc
1449 3769 1822 3834 velocitates
1878 3775 1940 3835 &
1992 3799 2175 3840 arcus
2229 3779 2529 3861 descripti
2579 3778 2642 3840 in

129 3857 622 3923 oscillationibus
655 3863 983 3928 universis,
1083 3867 1247 3947 Quae
1278 3882 1461 3931 erant
1491 3872 1696 3952 primo
1729 3873 2129 3940 invenienda.

2839 3540 2852 3603 ³,
