2846 4224
138 143 223 200 40
749 197 758 203 .,
977 124 1095 174 DE
1129 121 1248 174 Mo
1256 121 1366 172 TU
1398 117 1704 171 CORPOR
1716 119 1843 170 [ΖΜ

262 293 464 355 Corol.
526 313 574 354 1.
671 290 994 355 Velocitas
1025 289 1306 373 corporis
1338 289 1403 351 in
1449 300 1738 350 centrum
1784 281 2109 347 immobile
2152 285 2404 348 attracti
2447 299 2551 350 est
2594 286 2659 349 in·

141 394 364 476 spatiis
397 414 524 456 non
557 392 996 455 resistentibus
1042 391 1362 473 reciproce
1407 402 1478 451 ut
1522 382 2048 471 perpendiculum
2093 406 2133 447 a
2176 397 2397 450 centro
2442 385 2550 451 illo
2595 387 2660 449 in
2734 422 2745 446 .-

142 494 314 557 orbis
345 506 715 577 tangentem
748 492 1134 556 rectilineam
1167 491 1532 554 demissum.
1660 489 1785 550 Est
1829 486 2001 549 enim
2047 483 2355 548 velocitas
2402 485 2462 548 in
2508 485 2666 550 locis
2754 532 2761 564 3

143 593 263 657 illis
285 594 379 669 A,
411 595 491 667 B,
526 594 591 668 C,
615 594 703 667 D,

143 696 227 769 E,
254 708 324 757 ut
346 707 496 756 sunt
518 694 706 767 bases

143 794 483 878 aequalium
515 795 703 856 trian-
1066 871 1082 889 Ι

139 895 433 980 gulorum
475 958 481 963 ,
527 897 597 958 Α
623 895 702 966 Β,
824 891 1075 989 ---m-71
1116 940 1124 952 ,

140 997 701 1071 BCCAEDE
1015 983 1176 1034 ‘m

140 1098 212 1158 E
232 1098 303 1158 F
317 1121 343 1167 ‚·
450 1095 511 1158 &
602 1095 703 1157 hae

141 1197 326 1259 bases
363 1209 511 1258 sunt
552 1196 702 1257 reci-

139 1319 329 1378 proce
350 1309 419 1358 ut
437 1317 703 1378 perpen-

139 1395 347 1459 dicula
407 1397 469 1458 in
539 1397 708 1478 ipsas

142 1497 436 1560 demissa.

267 1599 467 1661 Corol.
524 1619 575 1660 2.
635 1598 706 1660 Si

146 1720 405 1760 arcuum
437 1698 707 1760 duorum

146 1798 498 1881 aequalibus
551 1813 707 1862 tem-

147 1900 406 1980 poribus
454 1900 515 1961 in
567 1923 708 1982 spa-

148 2000 249 2061 tiis
271 2022 398 2063 non
417 2002 708 2064 resisten-

147 2102 316 2163 tibus
358 2103 439 2164 ab
485 2103 711 2166 eodem

150 2223 414 2283 corpore
466 2226 712 2266 succes-

147 2303 288 2365 sive
333 2303 711 2386 descriptor-
830 2325 1059 2395 ,35322512‘2
1091 2366 1113 2375 ,

146 2425 254 2464 um
276 2402 531 2466 chordae
557 2405 626 2466 A
633 2407 713 2479 B,
780 2390 1033 2484 33'53'21'3222fs

146 2505 212 2565 B
237 2505 294 2566 C
354 2504 714 2587 complean-

146 2617 248 2666 tur
310 2605 373 2666 in
436 2607 1097 2694 parallelogrammum
1143 2612 1211 2673 A
1243 2612 1309 2672 B
1339 2613 1397 2674 C
1426 2613 1495 2685 V,
1554 2612 1616 2674 &
1670 2613 1858 2697 hujus
1903 2614 2261 2698 diagonalis
2306 2617 2375 2677 B
2409 2617 2474 2677 V
2497 2617 2560 2678 in
2593 2638 2671 2679 ea

148 2705 463 2785 positione
495 2729 687 2788 quam
727 2710 952 2774 ultimo
983 2712 1177 2773 habet
1222 2713 1329 2774 ubi
1376 2735 1558 2774 arcus
1606 2712 1690 2775 illi
1739 2715 1801 2775 in
1850 2715 2166 2777 infinitum
2213 2716 2668 2791 diminuuntur,

148 2806 535 2887 producatur
564 2811 859 2894 utrinque
886 2838 898 2888 ;
947 2814 1240 2875 transibit
1270 2814 1497 2876 eadem
1530 2838 1644 2896 per
1674 2830 1959 2878 centrum
1992 2817 2239 2880 virium.

268 2910 467 2973 Corol.
523 2932 576 2991 3.
658 2914 728 2976 Si
761 2938 1019 2977 arcuum
1051 2914 1403 2997 aequalibus
1436 2918 1829 2999 temporibus
1863 2918 1924 2979 in
1958 2918 2179 2999 spatiis
2211 2940 2339 2981 non
2372 2919 2668 2982 resisten-

150 3010 320 3072 tibus
369 3012 832 3095 descriptorum
882 3017 1138 3079 chordae
1185 3018 1254 3079 A
1277 3019 1358 3090 B,
1401 3019 1468 3079 B
1492 3019 1558 3092 C,
1592 3042 1666 3081 ac
1710 3020 1884 3092 DE,
1931 3020 2088 3081 EF
2124 3018 2562 3101 compleantur
2606 3021 2669 3082 in

151 3110 744 3197 parallelogramma
783 3119 853 3178 A
879 3118 944 3179 B
969 3119 1027 3180 C
1055 3118 1125 3191 V,
1167 3118 1329 3179 DE
1342 3120 1414 3179 F
1425 3119 1490 3181 Z
1506 3147 1530 3192 ,·
1574 3120 1742 3196 vires
1793 3121 1855 3181 in
1904 3121 1972 3181 B
2017 3119 2079 3182 &
2108 3121 2180 3182 E
2206 3134 2357 3183 sunt
2394 3121 2477 3183 ad
2507 3120 2668 3183 invi-

148 3233 287 3274 cem
320 3213 382 3274 in
415 3213 638 3277 ultima
667 3217 912 3280 ratione
943 3217 1374 3301 diagonalium
1420 3220 1487 3280 B
1521 3220 1591 3292 V,
1639 3222 1710 3282 E
1724 3221 1803 3295 Z,
1837 3221 1945 3282 ubi
1991 3243 2174 3282 arcus
2221 3220 2322 3284 isti
2369 3221 2433 3283 in
2465 3221 2669 3283 infini-
2736 3268 2740 3272 ,

149 3324 287 3374 tum
335 3314 788 3380 diminuuntur.
888 3319 1061 3380 Nam
1115 3319 1395 3400 corporis
1449 3334 1659 3388 motus
1711 3322 1859 3384 BC
1898 3321 1960 3384 &
2004 3323 2161 3383 EF
2203 3335 2672 3404 componuntur

153 3410 294 3496 (per
322 3412 536 3498 legum
582 3416 768 3480 corol.
815 3419 891 3502 1.)
928 3441 1009 3481 ex
1055 3419 1331 3481 motibus
1376 3421 1503 3493 Bc,
1537 3422 1604 3482 B
1638 3422 1702 3483 V
1725 3421 1787 3484 &
1816 3422 1955 3503 Es,
1988 3423 2059 3484 E
2077 3423 2142 3484 Z
2162 3449 2182 3485 .·
2212 3422 2389 3504 atqui
2418 3423 2486 3484 B
2519 3422 2670 3485 V&

144 3514 217 3587 E
228 3514 305 3588 Z,
355 3515 508 3596 ipsis
556 3517 615 3579 C
623 3539 655 3579 c
699 3517 933 3600 &Ff
961 3518 1256 3601 aequales,
1297 3520 1359 3581 in
1406 3521 1951 3586 demonstratione
1995 3523 2446 3605 propositionis
2477 3523 2668 3608 hujus

142 3615 615 3696 generabantur
660 3618 743 3680 ab
792 3618 1165 3700 impulsibus
1211 3620 1309 3682 vis
1355 3621 1723 3704 centripetae
1769 3623 1833 3686 in
1877 3624 1945 3686 B
1990 3623 2053 3686 &
2095 3625 2180 3698 E,
2214 3623 2488 3706 ideoque
2518 3635 2670 3687 sunt
2710 3639 2716 3642 ’

145 3715 245 3778 his
277 3714 655 3798 impulsibus
686 3719 1206 3801 proportionales.

266 3817 470 3880 Corol.
523 3839 579 3897 4.
662 3819 852 3882 Vires
884 3820 1118 3903 quibus
1149 3845 1415 3904 corpora
1446 3824 1749 3906 quaelibet
1780 3825 1841 3887 in
1875 3825 2096 3908 spatiis
2139 3847 2266 3887 non
2315 3825 2663 3889 resistenti-

149 3918 268 3981 bus
300 3941 338 3980 a
369 3920 645 3983 motibus
678 3919 1012 3984 rectilineis
1045 3922 1449 3986 retrahuntur
1493 3947 1566 3987 ac
1612 3925 2073 4009 detorquentur
2117 3926 2180 3988 in
2214 3926 2400 3990 orbes
2433 3948 2663 3989 curvos
