2852 4250
1173 90 1412 140 LIBER
1443 90 1754 140 PRIMUS.
2571 111 2592 151 1
2606 93 2642 151 8
2656 110 2677 151 1

365 256 586 317 Corol:
608 275 630 315 1
648 269 697 333 7.
748 254 910 315 Cum
939 263 1148 314 autem
1177 251 1342 314 linea
1369 253 1530 313 LM
1548 273 1711 312 nunc
1741 251 1939 333 major
1966 250 2048 312 sit
2077 271 2240 313 nunc
2269 253 2471 315 minor
2499 276 2689 335 quam·

248 354 457 415 radius
505 355 572 414 P
600 353 667 426 T,
713 365 1066 432 exponatur.
1103 351 1200 412 vis
1245 351 1572 412 mediocris
1623 350 1799 410 LM
1846 370 1960 428 per
2002 349 2244 409 radium
2289 347 2459 409 illum
2502 353 2566 411 P
2595 354 2658 411 T
2664 378 2690 423 ,-

251 450 312 511 &
341 451 459 511 erit
503 450 638 510 haec
687 449 768 509 ad
814 448 945 509 vim
988 449 1364 510 mediocrem
1412 449 1469 508 S
1479 449 1562 508 K
1599 446 1701 508 vel
1749 448 1807 507 S
1818 447 1904 506 N
1949 444 2163 527 (quam
2208 468 2520 526 exponere
2549 448 2693 512 licet

247 569 362 626 per
404 548 462 607 S
490 545 571 627 T)
617 558 688 606 ut
729 544 1054 626 longitudo
1095 547 1160 606 P
1193 547 1256 606 T
1287 545 1369 606 ad
1412 543 1867 625 longitudinem
1912 544 1969 603 S
1998 544 2101 605 T.‘
2161 544 2302 604 ‘Est
2344 558 2553 605 autem
2596 548 2694 608 vis

247 643 575 705 mediocris
604 643 662 703 S
672 643 758 703 N
779 641 879 703 vel
912 643 969 703 S
993 643 1061 714 T,
1094 656 1219 723 qua
1262 663 1485 722 corpus
1527 642 1591 701 T
1610 642 1908 702 retinetur
1938 641 1999 701 in
2040 641 2190 702 orbe
2220 662 2334 702 suo
2364 642 2591 702 circum
2622 644 2690 715 S,

246 742 328 802 ad
379 743 524 813 vim,
570 762 695 821 qua
746 762 968 820 corpus
1013 742 1078 801 P
1124 740 1423 800 retinetur
1469 739 1530 799 in
1581 739 1734 799 orbe
1784 760 1899 799 suo
1951 739 2179 799 circum
2244 739 2311 811 T,
2348 739 2408 799 in
2456 740 2694 801 ratione

246 839 589 918 composita
638 860 719 899 ex
765 839 1003 899 ratione
1046 837 1201 898 radii
1246 837 1303 897 S
1333 837 1397 897 T
1428 836 1509 896 ad
1541 836 1782 896 radium
1811 837 1875 896 P
1910 837 1977 909 T,
2012 836 2072 897 Sc
2116 837 2353 898 ratione
2383 836 2696 917 duplicata

241 937 538 1016 temporis
568 936 863 1016 periodici
893 936 1166 1016 corporis
1194 936 1259 995 P
1286 935 1514 996 circum
1550 935 1614 994 T
1625 934 1705 994 ad
1737 947 1981 1013 tempus
2004 935 2387 1014 periodicum
2418 936 2692 1015 corporis

263 1035 328 1094 T
345 1035 571 1095 circum
601 1035 668 1096 S.
763 1034 852 1094 Et
893 1055 973 1094 ex
1017 1056 1215 1115 aequo,
1261 1035 1358 1095 vis
1403 1034 1730 1095 mediocris
1776 1033 1836 1092 L
1863 1034 1958 1093 M
1998 1034 2078 1094 ad
2123 1033 2268 1106 vim,
2302 1056 2426 1114 qua
2470 1056 2693 1114 corpus

250 1133 315 1192 P
363 1133 663 1192 retinetur
708 1131 770 1191 in
817 1132 969 1192 orbe
1020 1154 1135 1194 suo
1179 1132 1407 1193 circum
1466 1132 1532 1191 T
1577 1131 1805 1212 (quave
1852 1152 2077 1210 corpus
2131 1131 2299 1191 idem
2349 1133 2427 1203 P,
2475 1132 2699 1193 eodem

251 1243 531 1309 tempore
561 1230 890 1309 periodicO,
923 1229 1150 1290 circum
1182 1244 1479 1311 punctum
1505 1230 1772 1310 quodvis
1798 1227 2113 1290 immobile
2148 1231 2211 1289 T
2230 1230 2309 1289 ad
2341 1231 2698 1291 distantiam

249 1330 315 1388 P
347 1329 412 1388 T
429 1327 664 1390 revolvi
717 1327 953 1410 posset)
988 1342 1084 1389 est
1131 1330 1192 1389 in
1238 1329 1476 1389 ratione
1528 1327 1631 1388 illa
1675 1327 1989 1408 duplicata
2034 1328 2492 1407 periodicorum
2542 1341 2695 1388 tem-

249 1448 484 1506 porum.
606 1428 789 1488 Datis
835 1427 1022 1508 igitur
1063 1427 1448 1506 temporibus
1499 1427 1827 1506 periodicis
1872 1447 1998 1486 una
2028 1447 2166 1486 cum
2204 1426 2499 1485 distantia
2527 1427 2591 1484 P
2625 1425 2695 1498 T,

251 1525 435 1585 datur
489 1525 586 1586 vis
644 1525 972 1587 mediocris
1043 1526 1104 1585 L
1138 1525 1233 1584 M
1238 1550 1263 1596 ,·
1350 1524 1411 1585 δε
1482 1546 1559 1584 ea
1615 1524 1777 1596 data,
1838 1525 2023 1585 datur
2093 1524 2282 1585 etiam
2355 1524 2451 1585 vis
2510 1524 2604 1583 M
2621 1524 2708 1584 N

251 1624 723 1705 quamproxime
753 1645 866 1704 per
893 1622 1243 1704 analogiam
1274 1620 1575 1683 linearum
1605 1623 1669 1683 P
1703 1622 1770 1695 T,
1802 1623 1998 1685 MN.

368 1722 565 1783 Corol.
610 1725 698 1784 18.
775 1722 1006 1782 Iisdem
1060 1720 1317 1803 legibuS,
1379 1722 1605 1801 quibus
1664 1743 1887 1802 corpus
1945 1723 2009 1782 P
2066 1722 2294 1782 circum
2353 1743 2576 1801 corpus
2649 1722 2713 1781 T

251 1819 604 1893 revolvitur,
638 1820 945 1902 fingamus
990 1842 1251 1900 corpora
1294 1818 1471 1900 plura
1515 1819 1707 1880 fluida
1750 1821 1978 1881 circum
2024 1820 2191 1880 idem
2234 1822 2296 1880 T
2315 1821 2395 1880 ad
2427 1819 2700 1900 aequales

250 1919 331 1979 ab
380 1918 516 1998 ipso
566 1918 892 1979 distantias
952 1920 1223 1993 moveri;
1291 1919 1519 1979 deinde
1571 1941 1650 1979 ex
1702 1919 1797 1979 his
1850 1919 2156 2000 contiguis
2214 1919 2391 1979 factis
2450 1918 2701 1979 conflari

251 2014 550 2077 annulum
598 2016 871 2089 fluidum,
923 2018 1258 2078 rotundum
1303 2038 1375 2078 ac
1427 2018 1666 2097 corpori
1725 2018 1788 2077 T
1821 2017 2316 2090 concentricum;
2373 2016 2433 2076 8c
2485 2016 2700 2096 singu-

255 2112 333 2174 lae
364 2113 573 2174 annuli
604 2128 827 2194 parteS‚
862 2129 1067 2176 motus
1112 2138 1257 2177 suos
1302 2137 1520 2177 omnes
1565 2117 1645 2176 ad
1690 2114 1894 2198 legem
1926 2115 2199 2194 corporis
2229 2116 2293 2174 P
2321 2114 2699 2195 peragend0‚

249 2214 504 2292 propius
547 2214 845 2274 accedent
894 2215 974 2275 ad
1026 2235 1249 2294 corpus
1312 2215 1379 2286 T,
1428 2213 1489 2275 81
1539 2212 1795 2275 celerius
1843 2214 2259 2275 movebuntur
2308 2213 2369 2273 in
2415 2213 2701 2294 conjunc-

257 2312 428 2372 tione
484 2311 545 2372 &
595 2313 989 2392 oppositione
1041 2313 1311 2392 ipsarum
1361 2313 1421 2373 &
1480 2312 1752 2392 corporis
1813 2313 1879 2384 S,
1941 2333 2128 2391 quam
2182 2312 2241 2371 in
2296 2312 2702 2391 quadraturis,

254 2409 342 2470 Et
399 2410 546 2470 nodi
604 2409 814 2470 annuli
874 2411 1070 2492 hujuS,
1131 2433 1241 2471 seu
1316 2412 1781 2472 intersectiones
1841 2411 1973 2492 ejus
2033 2431 2173 2469 cum
2233 2408 2420 2489 plano
2479 2410 2698 2471 orbitae

249 2508 522 2587 corporis
573 2509 631 2568 S
671 2506 771 2568 vel
836 2510 903 2580 T,
936 2510 1256 2590 quiescent
1301 2510 1360 2569 in
1406 2510 1710 2590 syzygiis;
1757 2522 1932 2568 extra
1978 2508 2264 2589 syzygias
2295 2530 2446 2569 vero
2490 2529 2702 2569 move-

251 2607 484 2667 buntur
512 2607 574 2667 in
605 2608 1050 2679 antecedentia,
1086 2608 1146 2668 &
1189 2606 1579 2668 velocissime
1624 2607 1878 2687 quidem
1925 2607 1986 2666 in
2028 2607 2436 2686 quadraturiS,
2469 2606 2703 2667 tardius

252 2703 387 2765 aliis
446 2705 507 2765 in
567 2704 732 2766 locis,
853 2704 1091 2765 Annuli
1152 2728 1403 2786 quoque
1463 2705 1775 2767 inclinatio
1839 2707 2192 2778 variabitur,
2256 2706 2315 2767 &
2374 2706 2508 2766 axis
2568 2706 2702 2786 ejus

249 2799 509 2884 singulis
596 2798 1084 2864 revolutionibus
1165 2803 1556 2875 oscillabitur,
1640 2803 2073 2884 completaque
2154 2802 2541 2865 revolutione
2621 2804 2702 2864 ad

251 2901 578 2980 pristinum
630 2898 816 2962 situm
869 2903 1108 2976 redibit,
1163 2904 1279 2963 nisi
1332 2916 1639 2984 quatenus
1697 2925 1810 2983 per
1867 2903 2345 2984 praecessionem
2398 2902 2702 2964 nodorum

252 2999 691 3061 circumfertur.

368 3098 565 3159 Corol.
610 3119 698 3175 19.
753 3100 988 3181 Fingas
1023 3100 1157 3181 jam
1201 3098 1458 3182 globum
1506 3101 1779 3180 corporis
1838 3101 1905 3173 T,
1953 3122 2033 3161 ex
2064 3100 2322 3160 materia
2352 3120 2476 3160 non
2509 3098 2699 3158 fluida

252 3209 655 3269 constantem,
709 3197 988 3279 ampliari
1039 3199 1099 3259 &
1150 3200 1404 3260 extendi
1453 3222 1653 3280 usque
1698 3200 1778 3260 ad
1831 3200 1997 3260 hunc
2043 3198 2355 3270 annulum,
2413 3198 2472 3259 &
2519 3197 2701 3259 alveo

251 3314 365 3372 per
434 3293 752 3355 circuitum
825 3308 1129 3357 excavato
1201 3299 1518 3359 continere
1586 3320 1830 3378 aquarn,
1893 3310 2193 3378 motuque
2258 3298 2481 3359 eodem
2540 3299 2698 3377 peri-

251 3390 433 3452 odico
477 3392 637 3452 circa
680 3415 863 3453 axem
906 3415 1088 3454 suum
1133 3395 1521 3458 uniformiter
1564 3394 1818 3457 revolvi.
1946 3397 2072 3457 Hic
2120 3395 2323 3475 liquor
2371 3417 2485 3475 per
2530 3396 2698 3455 vices

251 3487 626 3550 acceleratus
685 3491 746 3551 ἃ
804 3493 1152 3552 retardatus
1215 3492 1309 3575 (ut
1366 3494 1427 3553 in
1501 3494 1819 3573 superiore
1889 3492 2235 3575 corollario)
2299 3494 2359 3553 in
2430 3492 2699 3572 syzygiis

252 3585 524 3648 velocior
552 3587 682 3660 erit,
716 3588 776 3649 in
809 3590 1202 3670 quadraturis
1238 3591 1472 3652 tardior
1506 3613 1694 3671 quam
1738 3591 2095 3672 superficies
2123 3589 2310 3672 globi,
2345 3589 2405 3650 &
2434 3590 2522 3649 sic
2552 3589 2701 3649 fluet

255 3683 316 3743 in
344 3682 528 3745 alveo
557 3685 901 3767 refluetque
929 3688 1012 3748 ad
1056 3689 1311 3750 modum
1356 3690 1558 3750 mariS.
1682 3689 1887 3769 Aqua,
1922 3688 2303 3751 revolvendo
2340 3688 2498 3750 circa
2525 3685 2696 3768 globi

253 3794 532 3843 centrum
585 3784 924 3864 quiescenS,
979 3787 1030 3848 si
1076 3786 1324 3848 tollatur
1364 3787 1649 3849 attractio
1694 3787 1966 3869 corporis
2015 3788 2081 3859 S,
2136 3785 2369 3849 nullum
2421 3784 2692 3865 acquiret
