2852 4250
208 109 325 166 292
1022 90 1137 138 DE
1171 90 1402 141 MOTU
1439 89 1743 141 CORPOR
1755 89 1879 140 UM

202 254 520 318 distantiae
566 276 605 316 a
645 266 877 327 centro,
910 253 1191 316 densitas
1236 255 1355 317 erit
1398 254 1716 335 reciproce
1760 265 1832 314 ut
1874 251 2073 314 cubus
2118 250 2453 315 distantiae.
2547 252 2603 314 F
2608 253 2697 315 in-

201 369 394 440 gatur
423 354 596 437 quod
629 354 826 416 cubus
871 353 970 414 vis
1015 354 1489 436 comprimentis
1534 353 1618 414 sit
1660 364 1731 413 ut
1775 351 2318 433 quadrato-cubus
2348 349 2699 428 densitatiS,

203 455 266 518 &
323 455 376 517 si
434 454 717 538 gravitas
776 466 875 515 est
933 453 1251 534 reciproce
1299 465 1370 513 ut
1428 451 1808 532 quadratum
1868 451 2203 525 distantiae,
2258 451 2541 513 densitas
2585 451 2705 514 erit

202 557 521 637 reciproce
553 555 616 615 in
648 551 1096 634 sesquiplicata
1128 554 1370 614 ratione
1401 551 1736 613 distantiae.
1858 551 2169 635 Fingatur
2198 551 2372 633 quod
2402 551 2501 613 vis
2531 573 2701 614 com-

200 658 480 738 primens
529 655 611 716 sit
659 655 721 715 in
775 651 1096 733 duplicata
1144 652 1386 713 ratione
1431 650 1781 722 densitatis,
1822 649 1885 712 &
1930 652 2213 733 gravitas
2266 651 2586 732 reciproce
2638 651 2702 713 in

201 758 444 819 ratione
495 754 814 836 duplicata
865 751 1200 822 distantiae,
1253 750 1315 811 &
1374 749 1657 810 densitas
1718 749 1837 810 erit
1889 750 2207 830 reciproce
2258 762 2331 811 ut
2381 749 2697 812 distantia.

202 859 406 919 Casus
454 877 677 918 omnes
739 873 1104 934 percurrere
1149 849 1411 932 longum
1461 861 1647 911 esset.
1744 849 2065 911 Caeterum
2106 871 2223 930 per
2268 849 2706 930 experimenta

195 967 443 1018 constat
487 953 659 1035 quod
706 951 988 1013 densitas
1033 950 1195 1011 aeris
1242 949 1324 1010 sit
1368 961 1438 1009 ut
1482 949 1580 1009 vis
1626 948 2051 1029 comprimens
2104 947 2207 1010 vel
2253 961 2546 1011 accurate
2597 947 2700 1011 vel

195 1054 420 1117 saltem
474 1075 666 1135 quam
715 1052 1045 1133 proxime:
1116 1049 1177 1110 &
1223 1061 1561 1129 propterea
1612 1048 1895 1110 densitas
1944 1048 2107 1110 aeris
2157 1048 2220 1109 in
2274 1047 2703 1129 atmosphaera

194 1169 378 1217 terrae
409 1167 507 1216 est
531 1167 599 1214 ut
631 1152 883 1234 pondus
908 1151 1071 1212 aeris
1097 1149 1291 1211 totius
1324 1148 1761 1222 incumbentis,
1786 1148 1849 1209 id
1882 1161 1995 1221 est,
2022 1161 2093 1209 ut
2116 1146 2386 1210 altitudo
2412 1148 2700 1210 mercurii

197 1256 257 1316 in
290 1255 667 1316 barometrO.

358 1520 1001 1585 PROPOSITIO
1083 1520 1404 1581 XXIII.
1512 1518 2147 1580 THEOREMA
2229 1517 2537 1580 XVIII.

195 1678 279 1739 Si
280 1678 493 1760 fluidi
535 1700 609 1738 ex
628 1675 977 1758 particulis
1026 1697 1087 1736 se
1128 1683 1346 1735 mutuo
1358 1672 1761 1755 ficgz'entibns
1804 1672 2124 1754 compositi
2165 1671 2437 1733 densitas
2485 1670 2571 1733 sit
2615 1679 2692 1733 ut

274 1778 646 1858 compressio,
682 1776 842 1837 vires
885 1773 1258 1855 centrzfugae
1279 1774 1765 1854 particularum
1793 1781 1947 1834 sunt
1989 1772 2287 1854 reciproce
2296 1772 2701 1853 proportion-

275 1880 399 1940 ales
427 1878 749 1940 distantiis
795 1884 1152 1938 centrorzcm
1198 1896 1472 1937 snorum.
1564 1874 1664 1934 Et
1704 1874 1831 1935 vice
1869 1895 2060 1946 versa,
2080 1872 2427 1955 particulae
2463 1871 2706 1933 viribus

275 2001 415 2060 quae
462 1985 616 2040 sunt
665 1978 963 2058 reciproce
994 1975 1506 2055 proportionales
1555 1974 1879 2035 distantiis
1928 1981 2285 2035 centrorum
2336 1994 2597 2034 suorum
2645 1994 2710 2034 se

278 2087 498 2139 mutuo
531 2076 861 2159 ficgientes
910 2084 1287 2155 componunt
1315 2074 1610 2156 fluidum
1661 2074 2000 2151 elasticum,
2054 2074 2236 2156 cujus
2284 2073 2559 2135 densitas
2614 2080 2705 2134 est

274 2178 710 2259 compressioni
719 2177 1236 2258 proportionalis.

310 2348 554 2412 Includi
605 2348 992 2432 intelligatur
1044 2348 1306 2409 fluidum
1362 2348 1423 2409 in
1477 2349 1685 2429 spatio
1745 2348 1967 2411 cubico
2026 2349 2095 2409 A
2127 2348 2185 2410 C
2196 2348 2279 2422 E,
2327 2347 2475 2409 dein
2536 2368 2702 2410 com-

189 2453 517 2533 pressione
568 2452 768 2534 redigi
820 2452 881 2512 in
933 2451 1208 2531 spatium
1263 2450 1553 2511 cubicum
1616 2451 1827 2512 minus
1877 2472 1917 2510 a
1937 2471 1968 2510 c
1989 2471 2059 2522 e‚·
2127 2448 2195 2510 82
2236 2445 2699 2530 particularum,

189 2551 458 2613 similem
491 2552 681 2613 situm
716 2552 879 2612 inter
909 2572 978 2612 se
1025 2550 1085 2610 in
1135 2563 1406 2631 utroque
1453 2550 1661 2632 spatio
1692 2549 2131 2622 obtinentium,
2165 2547 2484 2608 distantiae
2515 2558 2702 2608 erunt

189 2664 260 2712 ut
291 2651 593 2713 cuborum
627 2649 825 2712 latera
854 2651 923 2711 A
949 2651 1029 2723 B,
1062 2673 1101 2710 a
1124 2651 1199 2722 b‚·
1248 2649 1310 2711 ἃ
1333 2650 1689 2713 mediorum
1724 2650 2073 2712 densitates
2105 2649 2423 2730 reciproce
2455 2659 2527 2708 ut
2555 2668 2698 2728 spa-

188 2751 276 2812 tia
331 2752 719 2813 continentia
766 2751 834 2811 A
861 2751 927 2811 B
972 2751 1098 2812 cub.
1151 2750 1229 2814 ἃ.
1260 2751 1353 2811 ab
1401 2752 1527 2814 cub.
1646 2753 1720 2812 In
1771 2752 1913 2814 cubi
1964 2749 2219 2833 majoris
2267 2746 2463 2809 latere
2510 2745 2702 2828 plano

187 2853 256 2912 A
271 2852 338 2912 B
353 2852 408 2912 C
412 2853 484 2911 D
514 2852 798 2932 capiatur
821 2851 1200 2932 quadratum
1233 2851 1376 2911 DP

188 2950 433 3033 aequale
477 2949 655 3013 lateri
688 2951 878 3033 plano
924 2951 1066 3012 cubi
1114 2951 1374 3012 minoris

186 3052 325 3124 db,·
372 3051 433 3112 ἃ
465 3073 545 3112 ex
576 3051 930 3132 hypothesi,
959 3052 1216 3132 pressio,
1244 3073 1372 3133 qua

188 3150 568 3232 quadratum
629 3152 702 3210 D
730 3152 795 3211 P
854 3163 1039 3233 urget
1105 3151 1368 3211 fluidum

188 3249 515 3323 inclusum,
542 3251 660 3312 erit
690 3250 771 3311 ad
803 3251 1216 3331 pressionem,
1244 3273 1370 3332 qua

186 3350 340 3413 illud
373 3351 753 3432 quadratum
783 3350 861 3411 db
892 3363 1078 3433 urget
1107 3350 1370 3411 fluidum

186 3450 515 3527 inclusum,
549 3464 620 3512 ut
664 3450 856 3512 medii
902 3450 1250 3512 densitates
1288 3451 1371 3511 ad

186 3553 478 3625 invicem,
530 3551 651 3613 hoc
700 3563 813 3623 est,
847 3562 919 3611 ut
969 3550 1063 3611 ab
1110 3551 1235 3611 cab.
1289 3549 1372 3610 ad

185 3653 256 3714 A
279 3654 346 3714 B
374 3653 500 3714 cub.
617 3651 750 3713 Sed
783 3650 1041 3731 pressio,
1076 3672 1203 3731 qua
1249 3649 1629 3731 quadratum
1658 3646 1815 3707 DB
1845 3657 2032 3728 urget
2071 3643 2336 3705 fluidum
2369 3639 2695 3712 inclusum,

185 3765 285 3814 est
313 3753 396 3813 ad
427 3751 838 3834 pressionem,
867 3772 994 3832 qua
1024 3750 1406 3831 quadratum
1436 3750 1573 3810 DF
1603 3759 1788 3830 urget
1814 3746 1983 3808 idem
2016 3744 2297 3816 fluidum,
2323 3754 2395 3803 ut
2425 3739 2696 3823 quadra-

184 3866 322 3915 tum
355 3853 502 3915 DB
531 3852 613 3914 ad
646 3851 1027 3934 quadratum
1058 3851 1219 3927 DP,
1246 3850 1366 3912 hoc
1390 3854 1504 3923 est,
1530 3860 1600 3910 ut
1630 3847 1699 3908 A
1713 3847 1780 3908 B
1807 3845 1991 3928 quad.
2020 3844 2102 3907 ad
2125 3844 2210 3906 ab
2231 3842 2415 3926 quad.
2498 3840 2694 3923 ErgO,
