2852 4250
180 128 211 168 2
229 127 304 185 14
999 108 1117 158 DE
1150 107 1389 158 MOTU
1420 105 1726 158 CORPOR
1740 104 1864 155 ΗΜ

261 283 501 338 servato
546 275 897 357 gravitatis
951 284 1159 338 centro
1233 271 1560 346 communi,
1630 271 1868 335 coirent
1945 270 2030 336 ὅσ*
2086 270 2157 332 in
2214 270 2476 352 globum
2536 271 2686 353 for-

264 398 611 454 murentur.

297 564 791 626 Demonstratur
818 560 1047 624 eodem
1078 560 1288 634 modo,
1322 571 1515 640 atque
1546 555 1899 638 propositio
1929 556 2233 638 superior.

296 664 497 726 Corol.
560 664 739 746 Ergo
785 674 994 723 motus
1040 659 1319 741 corporis
1364 656 1613 720 attracti
1657 656 1827 718 idem
1869 657 2003 731 erit,
2036 679 2110 719 ac
2154 657 2208 719 si
2254 678 2520 739 corpora
2563 670 2686 721 tra-

176 763 407 836 hentia,
451 776 707 825 servato
767 761 1085 823 communi
1144 758 1477 843 gravitatis
1552 770 1808 831 centro‚-
1864 758 2105 822 coirent
2165 757 2228 820 &
2288 759 2351 820 in
2424 757 2687 842 globum

174 864 612 926 formarentur.
713 861 999 942 Ideoque
1044 860 1097 921 si
1144 880 1480 940 corporum
1527 857 1913 919 trahentium
1960 880 2298 921 commune
2355 859 2688 942 gravitatis

175 976 460 1025 centrum
484 960 586 1024 vel
620 961 903 1045 quiescit,
932 958 1035 1021 vel
1067 959 1473 1043 progreditur
1502 958 1900 1021 uniformiter
1929 958 1992 1020 in
2023 957 2192 1021 linea
2222 972 2416 1034 recta;
2459 981 2688 1042 corpus

174 1076 509 1125 attractum
556 1062 918 1124 movebitur
958 1061 1021 1121 in
1068 1058 1288 1142 ellipsi,
1322 1071 1610 1121 centrum
1651 1059 1929 1123 habente
1970 1060 2033 1122 in
2075 1059 2396 1122 communi
2427 1058 2533 1124 illo
2563 1074 2686 1123 tra-

175 1164 459 1225 hentium
491 1175 709 1225 centro
737 1159 1086 1245 gravitatis,

459 1404 1102 1468 PROPOSITIO
1184 1402 1343 1467 XC.
1473 1403 2049 1467 PROBLEMA
2132 1406 2417 1470 XLIV.

175 1576 259 1636 δι’
309 1575 402 1636 ad
404 1551 414 1560 ‘
450 1575 710 1658 singula
769 1575 1000 1638 cz'rculz'
1062 1575 1483 1657 cujuscunque
1534 1583 1785 1658 puncta
1858 1576 2122 1648 tendant
2191 1577 2355 1640 vires
2425 1578 2687 1660 aequales

256 1676 618 1757 centrz'petae,
665 1684 982 1738 crescentes
1040 1677 1139 1737 vel
1196 1676 1585 1739 decrescentes
1651 1677 1721 1739 z‘n
1793 1699 2160 1761 quacunque
2227 1679 2686 1741 dzstantz'arum

259 1776 529 1839 ratione:
585 1777 867 1839 invenire
911 1777 1061 1853 vim,
1096 1799 1223 1859 qua
1276 1779 1712 1859 corpusculum
1758 1780 2126 1842 attrahitur
2169 1781 2372 1843 ubivis
2402 1779 2685 1862 positum

259 1878 329 1938 z'n
403 1886 584 1951 recta,
645 1901 785 1961 quae
839 1880 1046 1960 plano
1117 1879 1348 1941 circuli
1400 1879 1494 1941 ad
1550 1887 1834 1942 centrum
1895 1880 2028 1963 ejus
2072 1881 2691 1963 perpendiculariter

256 1980 507 2043 insistit.

290 2151 529 2214 Centro
560 2152 630 2213 A
668 2152 1004 2216 intervallo
1050 2154 1279 2236 quovis
1305 2155 1374 2215 A
1399 2155 1486 2228 D,
1523 2154 1585 2216 in
1633 2153 1842 2237 plan0‚
1877 2153 1975 2216 cui
2024 2167 2195 2218 recta
2223 2155 2295 2217 A
2321 2157 2387 2218 Ρ
2415 2178 2685 2239 perpen-

173 2250 464 2314 dicularis
511 2268 624 2327 est,
659 2254 929 2316 describi
978 2254 1366 2339 intelligatur
1410 2254 1713 2331 circulus;
1762 2256 1824 2318 &
1870 2255 2256 2319 invenienda
2299 2257 2383 2319 sit
2412 2257 2529 2334 viS,
2564 2279 2692 2340 qua

172 2352 612 2433 corpusculum
660 2356 935 2436 quodvis
994 2357 1060 2417 Ρ
1119 2357 1182 2417 in
1244 2356 1521 2419 eundem
1593 2357 1943 2421 attrahitur.
2040 2357 2103 2419 A
2167 2357 2378 2421 circuli
2454 2372 2690 2441 puncto

172 2455 400 2534 quovis
430 2456 501 2515 E
539 2455 621 2516 ad
668 2455 1114 2538 corpusculum
1161 2471 1502 2520 attractum

171 2554 236 2614 Ρ
258 2568 484 2637 agatur
507 2570 678 2618 recta
695 2558 761 2617 Ρ
776 2559 859 2620 Ε.
926 2559 1000 2620 In
1022 2572 1193 2621 recta
1214 2560 1280 2620 Ρ
1296 2560 1366 2620 A
1405 2582 1505 2621 ca-

174 2653 383 2734 piatur
404 2657 556 2717 PF
578 2657 695 2738 ipsi
719 2659 872 2719 PE
900 2656 1180 2740 aequaliS,
1208 2658 1270 2721 &
1301 2659 1502 2743 eriga-

175 2766 277 2814 tur
307 2754 604 2817 normalis
636 2757 707 2816 F
718 2757 801 2817 K
796 2791 815 2830 ,-
844 2779 988 2839 quae
1020 2758 1103 2819 sit
1132 2772 1204 2820 ut
1233 2759 1332 2820 vis
1375 2782 1505 2841 qua

175 2867 479 2934 punctum
539 2857 610 2917 E
666 2857 859 2919 trahit
926 2857 1367 2939 corpusculum
1419 2860 1499 2922 Ρ.

175 2953 405 3036 Sitque
427 2957 477 3016 I
486 2957 570 3017 K
584 2956 645 3017 L
674 2980 867 3019 curva
891 2957 1058 3020 linea
1082 2982 1274 3041 quam
1307 2982 1501 3042 punc-

176 3065 312 3114 tum
371 3055 454 3115 K
505 3071 816 3137 perpetuo
879 3059 1099 3141 tangit.
1194 3059 1506 3121 Occurrat

174 3153 402 3215 eadem
444 3155 655 3218 circuli
703 3155 893 3238 plano
940 3159 1002 3219 in
1049 3160 1128 3221 L.
1227 3160 1301 3220 In
1346 3162 1413 3221 Ρ
1429 3162 1499 3222 Α

174 3254 460 3334 capiatur
486 3256 659 3316 PH
695 3256 958 3338 aequalis
1003 3259 1172 3332 ΡΖ),
1209 3258 1270 3320 &
1301 3260 1503 3343 eriga-

174 3367 279 3414 tur
322 3354 842 3436 perpendiculum
889 3358 1048 3419 Η]
1086 3380 1298 3421 curvae
1343 3382 1502 3441 prae-

172 3454 381 3518 dictae
412 3478 746 3519 occurrens
779 3458 841 3519 in
873 3459 941 3531 l,·
986 3458 1048 3519 &
1088 3460 1208 3521 erit
1248 3482 1502 3542 corpus·
2219 3517 2228 3524 ,

173 3553 296 3616 culi
343 3557 411 3617 Ρ
460 3558 752 3620 attractio
801 3559 863 3620 in
914 3557 1214 3621 circulum
1257 3573 1329 3623 ut
1368 3583 1518 3624 area
1568 3564 1639 3625 A
1664 3565 1811 3628 HI
1822 3567 1882 3627 L
1945 3567 2137 3629 ducta
2179 3568 2243 3629 in
2288 3565 2688 3630 altitudinem

171 3656 243 3717 A
278 3657 357 3720 Ρ.
452 3658 525 3733 Q.
553 3658 637 3720 E.
661 3659 718 3721 J.
1115 3743 1121 3747 .

296 3756 557 3819 Etenim
591 3758 654 3819 in
685 3758 755 3820 A
784 3759 855 3820 E
897 3760 1182 3841 capiatur
1224 3759 1391 3824 linea
1432 3784 1625 3844 quam
1671 3766 1934 3829 minima
1971 3768 2044 3830 E
2071 3791 2113 3833 e.
2189 3769 2511 3852 Jungatur
2551 3769 2619 3829 Ρ
2645 3790 2690 3842 e,

174 3856 236 3919 &
278 3857 340 3919 in
393 3858 562 3933 PE,
604 3859 760 3921 PA
808 3860 1138 3948 capiantur
1165 3862 1321 3937 PC,
1364 3863 1430 3924 Ρ
1439 3862 1508 3945 f
1544 3865 1662 3948 ipsi
1693 3867 1760 3929 Ρ
1787 3890 1820 3930 e
1861 3867 2156 3952 aequales.
2255 3869 2346 3932 Et
2389 3869 2690 3952 quoniam

2834 4102 2852 4250 fiad-st,
2845 4040 2852 4053 -
