2852 4250
1063 115 1299 162 LIBER
1340 115 1756 163 SECUNDUS.
2506 139 2578 195 32
2595 139 2615 177 Ι

195 289 290 338 tes
347 297 487 337 sese
536 276 771 336 viribus
830 273 1010 335 nullis
1068 276 1321 356 agitant,
1377 275 1724 335 resistentia
1773 289 1869 336 est
1921 277 1980 335 in
2033 276 2342 355 duplicata
2393 281 2627 341 ratione

194 373 540 435 velocitatis
586 385 884 442 accurate.
992 372 1196 433 Sunto
1244 372 1431 452 igitur
1475 371 1681 431 media
1732 371 1848 430 tria
1891 372 1982 442 A,
2013 371 2094 446 B,
2132 372 2197 443 C,
2230 394 2308 432 ex
2351 376 2627 452 partibus

193 469 493 532 similibus
553 470 614 530 &
671 467 1013 549 aequalibus
1074 469 1134 529 &
1184 468 1524 528 secundum
1576 467 1899 527 distantias
1951 467 2221 547 aequales
2273 469 2630 550 regulariter

193 571 508 651 dispositis
559 570 919 630 constantia.
1034 569 1249 628 Partes
1297 567 1641 627 mediorum
1701 567 1768 625 A
1805 567 1864 627 8ε
1893 570 1957 627 Β
2014 569 2253 649 fugiant
2303 592 2370 630 se
2415 584 2629 632 mutuo

193 668 426 729 viribus
457 688 598 746 quae
628 667 753 726 sint
781 666 862 725 ad
909 665 1171 725 invicem
1203 677 1272 724 ut
1313 665 1376 723 T
1397 664 1456 724 &
1503 665 1570 735 V,
1605 663 1723 724 illae
1755 664 1941 723 medii
1984 666 2040 724 C
2062 653 2366 745 ejusmodi
2398 668 2629 727 viribus

194 765 446 827 omnino
504 764 932 824 destituantur.
1046 762 1134 821 Et
1191 762 1243 820 si
1303 783 1560 840 corpora
1618 775 1883 841 quatuor
1925 762 2187 841 aequalia
2230 765 2313 833 D,
2347 765 2428 836 E,
2461 766 2533 835 F,
2573 767 2631 824 G

106 922 112 927 .
194 864 255 924 in
315 863 408 922 his
468 861 688 922 mediis
747 871 1130 928 moveantur,
1184 859 1389 937 priora
1433 859 1558 919 duo
1602 861 1672 918 D
1716 859 1776 919 ἃ
1822 861 1890 918 E
1932 861 1992 919 in
2038 861 2341 939 prioribus
2386 862 2627 922 duobus

195 960 263 1020 A
299 958 359 1019 &
387 959 465 1029 B,
500 958 559 1018 &
607 956 799 1017 altera
845 957 971 1017 duo
1018 957 1087 1014 F
1108 955 1167 1015 ἃ
1203 955 1263 1014 G
1293 955 1352 1015 in
1402 957 1582 1016 tertio
1634 957 1689 1016 C
1700 982 1723 1025 ,·
1767 957 1969 1036 sitque
2017 957 2311 1018 velocitas
2357 961 2628 1038 corporis

192 1057 264 1116 D
305 1053 822 1115 ad-velocitatem
868 1054 1141 1132 corporis
1171 1055 1250 1124 E,
1285 1053 1345 1113 &
1389 1052 1682 1114 velocitas
1728 1056 1998 1133 corporis
2029 1057 2097 1113 F
2116 1057 2194 1115 ad
2240 1047 2630 1118 velocitatem

193 1153 464 1232 corporis
500 1152 560 1212 G
589 1152 650 1211 in
695 1149 1126 1229 subduplicata
1173 1151 1409 1211 ratione
1453 1151 1676 1210 virium
1720 1152 1782 1209 T
1815 1152 1893 1210 ad
1942 1153 2104 1212 vires
2151 1154 2213 1212 V
2224 1179 2242 1214 .·
2287 1155 2634 1214 resistentia

193 1251 464 1330 corporis
511 1250 582 1308 D
631 1249 747 1309 erit
797 1249 876 1308 ad
937 1249 1349 1309 resistentiam
1402 1248 1672 1326 corporis
1717 1249 1800 1319 E,
1853 1247 1912 1307 ἃ
1960 1249 2308 1308 resistentia
2360 1253 2632 1330 corporis

191 1349 262 1408 F
294 1348 373 1408 ad
422 1347 833 1408 resistentiam
882 1347 1154 1426 corporis
1207 1346 1280 1416 G,
1315 1346 1375 1404 in
1429 1344 1826 1405 velocitatum
1876 1346 2111 1405 ratione
2164 1345 2510 1425 duplicata;
2573 1348 2633 1407 8c

193 1458 522 1527 propterea
568 1445 917 1505 resistentia
962 1444 1235 1523 corporis
1283 1444 1353 1502 D
1404 1443 1519 1502 erit
1565 1442 1644 1523 ad
1691 1442 2102 1502 resistentiam
2150 1444 2421 1522 corporis
2465 1443 2534 1502 F
2567 1457 2635 1503 ut

193 1543 540 1632 resistentia
591 1542 863 1622 corporis
916 1543 985 1601 E
1028 1542 1108 1601 ad
1164 1540 1576 1601 resistentiam
1629 1540 1901 1618 corporis
1960 1541 2032 1601 G.
2126 1540 2327 1601 Sunto
2379 1562 2636 1619 corpora

192 1644 264 1704 D
293 1642 354 1702 &
395 1643 465 1702 F
498 1639 901 1720 aequivelocia
946 1653 1014 1700 ut
1060 1640 1120 1700 &
1167 1661 1425 1718 corpora
1468 1639 1537 1697 E
1579 1637 1639 1697 &
1689 1638 1788 1707 G,·
1835 1637 1894 1697 &
1941 1638 2229 1717 augendo
2275 1636 2635 1698 velocitates

193 1762 520 1821 corporum
568 1741 638 1800 D
683 1739 743 1800 &
793 1741 862 1799 F
900 1740 961 1798 in
1011 1739 1247 1799 ratione
1293 1757 1679 1817 quacunque,
1719 1758 1790 1796 ac
1842 1735 2245 1794 diminuendo
2290 1735 2452 1794 vires
2497 1757 2633 1814 par-

194 1839 515 1901 ticularum
564 1838 750 1899 medii
794 1838 859 1897 B
918 1838 978 1896 in
1031 1836 1252 1897 eadem
1298 1835 1535 1895 ratione
1580 1832 1905 1913 duplicata,
1960 1832 2214 1892 accedet
2258 1833 2529 1893 medium
2573 1835 2638 1893 B

193 1939 273 1999 ad
316 1938 578 1999 formam
626 1936 686 1997 &
716 1936 1133 1996 conditionem
1179 1934 1366 1994 medii
1422 1934 1477 1993 C
1519 1955 1630 2012 pro
1672 1932 1864 2002 libitu,
1900 1930 1958 1990 81
2008 1930 2231 1990 idcirco
2273 1930 2635 1991 resistentiae

193 2057 518 2116 corporum
566 2032 897 2114 aequalium
931 2033 990 2093 &
1023 2031 1493 2112 aequivelocium
1540 2032 1608 2089 E
1638 2030 1696 2090 ἃ
1733 2031 1791 2089 G
1833 2030 1891 2088 in
1942 2029 2036 2087 his
2068 2028 2301 2099 mediiS‚
2335 2044 2635 2107 perpetuo

193 2135 489 2196 accedent
546 2133 626 2193 ad
686 2131 1119 2213 aequalitatem,
1183 2132 1267 2190 ita
1319 2143 1387 2189 ut
1445 2151 1656 2189 earum
1709 2127 2054 2187 differentia
2105 2126 2332 2185 evadat
2384 2127 2634 2189 tandem

193 2235 394 2294 minor
436 2254 623 2312 quam
668 2232 815 2291 data
860 2231 1113 2310 quaevis
1213 2228 1478 2289 Proinde
1526 2249 1665 2286 cum
1712 2225 2075 2285 resistentiae
2122 2245 2445 2302 corporum
2475 2225 2545 2283 D
2576 2224 2636 2284 δε

192 2333 262 2392 F
287 2332 410 2392 sint
453 2331 532 2391 ad
582 2331 846 2390 invicem
896 2343 964 2389 ut
1008 2327 1373 2388 resistentiae
1422 2345 1747 2403 corporum
1793 2324 1860 2382 E
1890 2322 1948 2381 ἃ
2002 2322 2073 2391 G,
2108 2320 2404 2383 accedent
2448 2321 2634 2383 etiarn

194 2430 292 2491 hae
351 2429 632 2489 similiter
689 2428 768 2488 ad
830 2428 1131 2487 rationem
1192 2422 1577 2503 aequalitatis,
1702 2421 2047 2499 Corporum
2109 2419 2294 2499 igitur
2349 2419 2420 2480 D
2461 2418 2520 2478 &
2559 2419 2632 2488 F,

194 2529 299 2589 ubi
343 2526 730 2588 velocissime
776 2537 1118 2594 moventur,
1168 2522 1531 2584 resistentiae
1580 2532 1724 2579 sunt
1768 2516 2036 2597 aequales
2083 2537 2270 2595 quam
2314 2516 2636 2594 proxime:

197 2627 258 2687 &
314 2638 643 2706 propterea
707 2646 846 2684 cum
907 2621 1256 2683 resistentia
1313 2619 1585 2697 corporis
1644 2619 1713 2677 F
1761 2618 1840 2677 sit
1915 2617 1973 2677 in
2034 2613 2343 2693 duplicata
2402 2614 2637 2673 ratione

195 2722 553 2795 velocitatiS,
587 2723 702 2783 erit
748 2721 1094 2782 resistentia
1139 2718 1410 2798 corporis
1455 2719 1525 2777 D
1570 2718 1629 2776 in
1676 2716 1894 2776 eadem
1942 2714 2176 2777 ratione
2222 2732 2409 2794 quam
2454 2733 2634 2793 prox2

200 2843 334 2882 ime.

312 2919 508 2991 Corol.
548 2939 599 2996 3.
652 2918 945 2997 Corporis
978 2918 1037 2977 in
1071 2917 1260 2976 fluido
1292 2915 1512 2995 quovis
1545 2911 1795 2973 elastico
1826 2910 2212 2971 velocissime
2237 2908 2385 2968 moti
2417 2906 2636 2966 eadem

119 3041 123 3044 ·
195 3015 324 3076 fere
353 3028 450 3076 est
481 3016 828 3076 resistentia
858 3037 928 3075 ac
959 3015 1009 3074 si
1055 3028 1262 3093 partes
1294 3013 1463 3073 fluidi
1506 3012 1739 3071 viribus
1785 3010 1911 3069 suis
1957 3007 2312 3087 centrifugis
2343 3005 2634 3065 destitue-

198 3127 421 3186 rentur,
475 3136 667 3194 seque
716 3126 932 3174 mutuo
980 3134 1103 3173 non
1155 3112 1442 3193 fugerent
1470 3134 1481 3171 :
1544 3111 1594 3169 si
1649 3109 1836 3169 modo
1889 3106 2059 3166 fluidi
2111 3106 2205 3165 vis
2259 3103 2507 3164 elastica
2558 3124 2635 3161 ex

197 3210 632 3291 particularum
663 3212 897 3271 viribus
931 3210 1287 3291 centrifugis
1319 3209 1563 3278 oriatur,
1600 3206 1659 3266 &
1689 3204 1983 3266 velocitas
2015 3205 2173 3263 adeo
2205 3223 2431 3283 magna
2461 3200 2540 3261 sit
2569 3212 2637 3260 ut

196 3311 359 3371 vires
394 3331 517 3371 non
549 3310 821 3370 habeant
851 3310 1000 3369 satis
1032 3309 1327 3387 temporis
1359 3307 1438 3365 ad
1471 3305 1799 3386 agendum.

315 3410 509 3469 Corol.
554 3428 609 3483 4.
664 3399 931 3467 PrOinde
978 3428 1118 3466 cum
1168 3405 1531 3465 resistentiae
1579 3400 1866 3461 similium
1901 3399 1959 3459 δι
1991 3395 2455 3477 aequivelocium
2506 3414 2631 3452 cor-

197 3527 432 3585 porum,
465 3507 526 3566 in
559 3506 765 3566 medio
796 3506 967 3585 cujus
999 3517 1206 3583 partes
1237 3504 1538 3563 distantes
1587 3522 1654 3560 se
1698 3511 1913 3558 mutuo
1955 3517 2077 3556 non
2124 3494 2382 3574 fugiunt,
2416 3492 2538 3549 sint
2567 3502 2635 3547 ut

198 3603 500 3682 quadrata
529 3603 994 3673 diametrorum;
1027 3613 1170 3660 sunt
1200 3601 1385 3660 etiam
1411 3595 1880 3676 aequivelocium
1908 3594 1966 3654 Sc
1989 3591 2302 3652 celerrime
2327 3600 2630 3649 motorum

197 3720 521 3779 corporum
554 3699 919 3760 resistentiae
951 3699 1011 3758 in
1043 3698 1234 3758 fluido
1265 3695 1516 3757 elastico
1547 3708 1615 3754 ut
1645 3693 1945 3772 quadrata
1975 3690 2412 3750 diametrorum
2445 3703 2628 3762 quam

198 3797 494 3874 proxime.

1397 3894 1436 3934 x
