2846 4224
124 122 161 181 8
1090 113 1383 165 DEFINI
1382 113 1468 164 TI
1465 112 1679 166 ONES.

125 301 335 352 motus
381 284 690 350 coelesteS.
816 281 1127 348 Possibile
1174 294 1287 357 est,
1341 293 1414 344 ut
1460 278 1669 343 nullus
1716 279 1801 343 sit
1848 293 2059 345 motus
2118 282 2466 366 aequabilis,
2519 307 2651 369 quo

125 405 378 472 tempus
409 401 698 452 accurate
730 399 1143 450 mensuretur.
1268 381 1629 446 Accelerari
1677 382 1740 445 &
1785 384 2088 446 retardari
2133 398 2404 467 possunt
2439 399 2651 450 motus

129 513 368 565 omneS,
420 490 549 566 sed,
598 490 805 550 fluxus
867 486 1172 569 temporis
1232 484 1504 548 absoluti
1567 484 1795 546 mutari
1863 485 2100 567 nequit.
2226 485 2480 549 Eadem
2554 500 2654 551 est

129 593 381 654 duratio
429 614 541 653 seu
591 588 1069 672 perseverantia
1116 586 1474 649 existentiae
1524 608 1750 659 rerum,
1784 586 1923 648 sive
1968 598 2179 649 motus
2224 587 2354 649 sint
2397 585 2650 663 celereS,

129 695 268 757 sive
299 693 477 766 tardi,
512 693 649 754 sive
681 689 833 752 nulli
863 714 875 753 t
922 688 1192 771 proinde
1237 687 1375 750 haec
1417 709 1455 748 a
1486 688 1798 776 mensuris
1829 688 1960 749 suis
1990 676 2654 753 sensibilibusmerito

131 795 556 878 distinguitur,
608 793 669 855 &
718 815 799 854 ex
850 792 1075 853 iisdem
1137 788 1452 872 colligitur
1509 811 1624 870 per
1667 789 2095 870 aequationem
2140 789 2649 853 astronomicam.

137 896 352 979 Hujus
401 909 614 956 autem
663 893 1040 976 aequationis
1102 893 1164 953 in
1226 890 1727 953 determinandis
1787 890 2229 971 phaenomenis
2289 889 2652 965 necessitaS,

129 1010 264 1058 tum
314 1019 428 1078 per
474 996 980 1077 experimentum
1027 991 1337 1077 horologii
1384 990 1762 1064 oscillatorii,
1802 1004 1939 1053 tum
1987 992 2180 1054 etiam
2226 1014 2342 1074 per
2386 989 2655 1075 eclipses

128 1097 468 1160 satellitum
499 1098 679 1179 Jovis
712 1097 1036 1159 evincitur.

253 1201 348 1261 Ut
379 1199 536 1262 ordo
568 1199 841 1280 partium
874 1196 1178 1278 temporis
1225 1208 1323 1258 est
1370 1192 1793 1267 immutabiliS,
1828 1193 1916 1255 sic
1963 1194 2154 1255 etiam
2192 1194 2351 1257 ordo
2382 1194 2658 1276 partium

131 1301 334 1382 spatii.
456 1300 846 1362 Moveantur
876 1298 975 1360 hae
1008 1298 1090 1359 de
1122 1296 1273 1359 locis
1306 1296 1452 1369 suiS,
1489 1295 1550 1357 &
1588 1295 2015 1357 movebuntur
2049 1294 2143 1379 (ut
2175 1295 2261 1357 ita
2291 1294 2525 1380 dicam)
2575 1296 2658 1358 de

130 1403 371 1483 seipsis
500 1402 673 1462 Nam
720 1414 1008 1482 tempora
1055 1400 1116 1461 &
1161 1399 1366 1480 spatia
1411 1411 1559 1459 sunt
1589 1398 1998 1478 suiipsorum
2038 1396 2100 1458 &
2132 1419 2340 1459 rerum
2373 1398 2659 1460 omnium
2753 1455 2783 1477 ¹.

133 1503 313 1584 quasi
346 1501 496 1564 loca.
598 1503 672 1563 In
719 1515 1006 1582 tempore
1053 1500 1265 1582 quoad
1312 1500 1601 1562 ordinem
1640 1499 2073 1572 successionis,
2109 1499 2171 1559 in
2204 1499 2412 1580 spatio
2444 1499 2658 1582 quoad

133 1604 422 1667 ordinem
477 1605 650 1678 situs,
699 1602 987 1665 locantur
1030 1603 1343 1664 universa.
1475 1602 1580 1663 De
1641 1599 1887 1663 illorum
1950 1600 2229 1662 essentia
2273 1613 2373 1662 est
2416 1613 2488 1662 ut
2532 1601 2661 1662 sint

133 1705 312 1769 loca:
391 1706 452 1768 &
511 1704 649 1768 loca
708 1705 1006 1787 primaria
1066 1704 1307 1766 moveri
1370 1702 1719 1765 absurdum
1781 1714 1894 1764 est.
2025 1701 2192 1764 Haec
2258 1714 2407 1763 sunt
2468 1701 2661 1785 igitur

134 1806 424 1870 absoluta
498 1805 668 1881 loca;
748 1806 809 1868 ἃ
869 1804 1023 1868 solae
1090 1803 1535 1867 translationes
1611 1804 1693 1867 de
1769 1804 1867 1865 his
1940 1801 2095 1866 locis
2170 1816 2320 1865 sunt
2384 1801 2658 1866 absoluti

134 1923 360 1972 motus,
1423 1989 1428 1993 .
2610 1891 2615 1896 ²

250 2011 492 2072 Verum
542 2010 842 2092 quoniam
889 2010 989 2072 hae
1036 2008 1222 2089 spatii
1261 2020 1474 2089 partes
1516 2006 1717 2069 videri
1758 2019 2099 2090 nequeunt,
2149 2006 2211 2069 &
2256 2007 2339 2069 ab
2386 2007 2660 2069 invicem

134 2134 249 2193 per
313 2133 537 2173 sensus
613 2124 862 2173 nostros
938 2111 1282 2193 distingui;
1365 2131 1583 2171 earum
1659 2109 1799 2170 vice
1874 2110 2254 2171 adhibemus
2329 2131 2661 2171 mensuras
2706 2145 2710 2150 ·

131 2212 477 2275 sensibiles,
605 2212 710 2273 Ex
756 2212 1176 2293 positionibus
1223 2212 1393 2273 enim
1442 2210 1503 2272 ἃ
1549 2210 1867 2272 distantiis
1915 2234 2124 2273 rerum
2170 2234 2209 2272 a
2254 2233 2519 2293 corpore
2550 2209 2660 2272 ali-

130 2336 273 2395 quo,
323 2313 495 2396 quod
542 2327 902 2395 spectamus
949 2326 1019 2375 ut
1065 2311 1403 2386 immobile,
1452 2312 1791 2374 definimus
1839 2311 1978 2376 loca
2026 2313 2364 2375 universa:
2427 2312 2663 2375 deinde

130 2416 322 2477 etiam
373 2414 434 2476 Sc
482 2437 704 2477 omnes
755 2428 965 2477 motus
1014 2415 1406 2476 ‘aestimamus
1456 2437 1600 2476 cum
1650 2428 1941 2496 respectu
2003 2414 2086 2476 ad
2139 2414 2447 2496 praedicta
2505 2411 2660 2487 loca,

131 2530 444 2599 quatenus
477 2539 742 2599 corpora
773 2518 854 2579 ab
887 2516 1112 2579 iisdem
1146 2517 1468 2582 transferri
1503 2517 1911 2599 concipimus,
2037 2517 2145 2579 Sic
2191 2517 2331 2579 vice
2377 2515 2660 2579 locorum

137 2619 198 2681 &
248 2633 534 2681 motuum
584 2619 1019 2682 absolutorum
1070 2618 1350 2681 relativis
1400 2621 1671 2696 utimur,
1729 2643 1846 2682 nec
1892 2618 2296 2682 incommode
2343 2619 2406 2680 in
2468 2619 2659 2681 rebus

134 2719 426 2781 humanis
457 2743 467 2781 :
517 2721 578 2780 in
612 2719 1065 2802 philosophicis
1097 2734 1311 2782 autem
1344 2722 1845 2783 abstrahendum
1877 2734 1977 2784 est
2006 2744 2045 2783 a
2075 2721 2384 2784 sensibus
2485 2721 2657 2783 Fieri

133 2821 369 2882 etenim
429 2834 656 2901 potest,
719 2835 790 2883 ut
850 2821 1090 2883 nullum
1158 2844 1382 2885 revera
1442 2824 1729 2905 quiescat
1802 2846 2048 2906 corpus,
2111 2823 2194 2885 ad
2270 2823 2446 2906 quod
2518 2821 2660 2886 loca

135 2934 473 3002 motusque
505 2922 869 2985 referantur.

255 3022 752 3105 Distinguuntur
781 3037 994 3086 autem
1028 3024 1208 3106 quies
1242 3024 1303 3086 &
1335 3038 1545 3088 motus
1577 3024 1849 3090 absoluti
1884 3027 1946 3090 ἃ
1978 3025 2222 3090 relativi
2270 3027 2352 3089 ab
2384 3026 2658 3089 invicem

134 3146 250 3205 per
279 3125 697 3205 proprietates
744 3148 908 3210 suas·
942 3126 1003 3187 ἃ
1052 3149 1275 3189 causas
1325 3128 1387 3190 ἃ
1435 3129 1713 3191 effectus.
1839 3127 2092 3208 Quietis
2138 3128 2493 3210 proprietas
2542 3142 2656 3203 est,

135 3224 308 3305 quod
363 3247 626 3306 corpora
677 3248 830 3288 vere
890 3226 1281 3308 quiescentia
1340 3230 1674 3312 quiescunt
1734 3232 1899 3295 inter
1956 3253 2042 3294 se.
2165 3231 2453 3314 Ideoque
2513 3253 2658 3293 cum

133 3324 434 3405 possibile
465 3327 561 3399 sit,
595 3339 666 3388 ut
696 3350 923 3409 corpus
955 3327 1211 3411 aliquod
1245 3331 1307 3392 in
1354 3333 1719 3415 regionibus
1766 3333 2050 3408 fixarum,
2084 3347 2196 3396 aut
2238 3332 2431 3418 longe
2477 3333 2656 3408 ultra,

112 3427 421 3507 ,quiescat
479 3427 802 3504 absolute;
879 3430 1021 3492 sciri
1081 3445 1295 3497 autem
1358 3456 1485 3496 non
1546 3436 1749 3517 possit
1808 3457 1890 3497 ex
1962 3436 2087 3507 situ
2164 3458 2500 3518 corporum
2575 3437 2658 3498 ad

136 3526 409 3588 invicem
457 3528 519 3589 in
567 3529 931 3612 regionibus
978 3533 1224 3607 nostriS,
1260 3534 1571 3598 horumne
1616 3534 1875 3618 aliquod
1921 3537 2003 3599 ad
2050 3535 2471 3622 longinquum
2504 3537 2658 3601 illud

137 3628 353 3690 datam
399 3630 780 3710 positionem
828 3646 1043 3695 servet
1088 3656 1322 3711 necne;
1370 3637 1552 3719 quies
1597 3661 1752 3701 vera
1796 3661 1879 3701 ex
1924 3638 2151 3702 horum
2197 3640 2322 3702 situ
2378 3641 2542 3704 inter
2587 3663 2660 3704 se

138 3730 385 3792 definiri
419 3732 654 3813 nequit.

261 3831 482 3894 Motus
529 3834 885 3915 proprietas
931 3849 1044 3911 est,
1094 3839 1267 3920 quod
1314 3853 1545 3921 parteS,
1581 3864 1726 3924 quae
1773 3842 1956 3904 datas
2002 3856 2264 3906 servant
2308 3843 2658 3925 positiones

139 3933 220 3996 ad
284 3946 431 4006 tota,
496 3935 876 4017 participant
936 3952 1146 4030 motus
1208 3942 1557 4004 eorundem
1621 3957 1915 4007 totorum.
2046 3944 2217 4006 Nam
2293 3946 2657 4029 gyrantium
