2852 4250
204 113 262 171 '4
270 98 355 157 60
1047 97 1165 147 DE
1197 97 1278 148 M
1279 96 1488 149 UNDI
1510 96 1557 147 S
1567 95 1870 148 YSTEMA
1879 97 1977 148 TE

219 262 414 326 medii
453 274 664 326 motus
694 261 864 327 lunae
894 263 1134 327 oriatur
1161 286 1202 326 a
1229 263 1408 326 varia
1451 260 1823 326 dilatatione
1853 262 2025 326 orbis
2061 261 2231 328 lunae
2259 285 2379 347 per
2404 266 2536 330 vim
2580 267 2734 334 solis

212 363 402 446 juxta
448 362 658 427 Corol.
696 370 734 426 6
786 365 972 446 Prop.
1009 383 1162 425 LXVI
1212 362 1349 426 Lib.
1388 361 1439 424 Ι.
1546 361 1715 424 Haec
1757 363 1857 425 vis
1902 364 1966 426 in
2011 365 2294 449 perigaeo
2337 365 2489 430 solis
2532 370 2739 455 major
2766 404 2780 413 -

216 476 333 541 est,
389 463 452 527 &
504 465 726 527 orbem
777 462 947 526 lunae
999 461 1257 538 dilatat;
1327 461 1391 523 in
1443 483 1716 545 apogaeo
1767 464 1924 547 ejus,
1958 465 2167 528 minor
2212 478 2326 541 est,
2383 465 2447 529 81
2505 468 2728 531 orbem

217 561 392 625 illum
424 564 710 626 contrahi
740 563 1066 645 permittit.
1165 563 1242 623 In
1274 561 1430 624 orbe
1475 559 1741 625 dilatato
1785 561 1937 626 luna
1980 564 2224 627 tardius
2268 565 2634 642 revolvitur,
2667 567 2733 631 in

218 676 542 726 contracto
574 664 756 725 citius
778 688 791 738 ;
840 662 902 724 ἃ
950 660 1230 744 aequatio
1276 682 1506 734 annua,
1539 683 1656 742 per
1700 683 1893 743 quam
1947 663 2086 726 haec
2131 665 2530 747 inaequalitas
2557 678 2731 731 ‘com-

214 775 533 844 pensatur‚
568 763 632 823 in
663 784 934 845 apogaeo
988 761 1051 824 8c
1102 761 1386 845 perigaeo
1440 759 1591 823 solis
1646 759 1819 823 nulla
1870 774 1983 837 est,
2019 763 2082 825 in
2135 764 2438 827 mediocri
2488 766 2640 829 solis
2690 789 2732 831 a
2780 816 2781 820 ,

214 876 386 925 terra
432 863 735 924 distantia
787 863 871 925 ad
932 862 1030 924 11'
1079 861 1203 942 50⁰
1252 862 1499 924 circiter
1546 862 1850 938 ascendit,
1903 863 1967 925 in
2016 862 2154 926 aliis
2194 864 2348 928 locis
2390 868 2735 949 aequationi

212 963 410 1024 centri
442 961 591 1025 solis
622 961 1113 1044 proportionalis
1145 976 1278 1039 est;
1327 963 1389 1025 &
1434 963 1692 1026 additur
1736 964 1949 1026 medio
1995 966 2195 1028 motui
2227 965 2395 1029 lunae
2426 968 2534 1030 ubi
2565 981 2734 1032 terra

210 1063 421 1145 pergit
464 1063 546 1124 ab
577 1062 831 1144 aphelio
877 1085 994 1126 suo
1042 1064 1125 1125 ad
1179 1062 1574 1145 perihelium,
1610 1063 1673 1125 &
1718 1064 1783 1126 in
1829 1065 2126 1147 opposita
2172 1067 2343 1130 orbis
2373 1081 2555 1150 parte
2586 1071 2731 1133 sub-

210 1161 475 1224 ducitur.
581 1162 1000 1225 Assumendo
1053 1163 1302 1224 radium
1356 1162 1528 1225 orbis
1583 1164 1802 1246 magni
1864 1185 2028 1228 1000
2082 1165 2145 1227 &
2197 1168 2730 1233 eccentricitatem

211 1275 396 1325 terrae
453 1263 566 1330 16}
634 1263 773 1326 haec
825 1264 1119 1346 aequatio,
1175 1263 1283 1325 ubi
1345 1263 1626 1326 maxima
1684 1277 1798 1339 est,
1853 1287 1970 1347 per
2027 1266 2339 1330 theoriam
2397 1270 2732 1353 gravitatis

209 1369 446 1450 prodiit
501 1367 597 1430 11'
642 1367 786 1447 49''.
889 1369 1025 1431 Sed
1072 1368 1508 1430 eccentricitas
1555 1381 1742 1430 terrae
1787 1366 1979 1450 paulo
2024 1370 2229 1453 major
2272 1392 2414 1433 esse
2459 1371 2728 1447 videtur,
2793 1354 2796 1359 ¹

212 1470 274 1532 ἃ
310 1483 496 1532 aucta
541 1469 1008 1533 eccentricitate
1056 1469 1195 1531 haec
1246 1468 1525 1550 aequatio
1570 1469 1790 1551 augeri
1837 1469 2034 1531 debet
2079 1470 2142 1531 in
2189 1470 2417 1533 eadem
2463 1472 2733 1536 rationeJ
2801 1495 2812 1523 ²:

212 1572 313 1634 Sit
344 1572 775 1634 eccentricitas
818 1571 978 1644 16}}‚
1016 1570 1078 1632 ἃ
1114 1569 1393 1652 aequatio
1426 1570 1706 1632 maxima
1736 1571 1857 1633 erit
1897 1591 1918 1631 1
1940 1569 1993 1631 1'
2027 1569 2169 1650 51''.

330 1674 557 1735 Inveni
584 1673 783 1735 'etiam
816 1672 990 1754 quod
1026 1672 1089 1732 in
1121 1668 1432 1752 perihelio
1478 1683 1680 1744 terrae,
1722 1684 1986 1753 propter
2030 1672 2337 1756 majorem
2382 1673 2515 1734 vim
2561 1672 2728 1749 soliS,

207 1796 549 1856 apogaeum
610 1773 673 1834 &
733 1773 885 1835 nodi
946 1770 1115 1834 lunae
1174 1770 1458 1834 velocius
1512 1784 1855 1834 moventur
1907 1794 2101 1854 quam
2163 1772 2226 1834 in
2279 1772 2534 1856 aphelio
2574 1775 2727 1858 ejuS,

209 1875 403 1956 idque
436 1875 498 1935 in
542 1871 855 1955 triplicata
903 1874 1148 1935 ratione
1197 1872 1520 1935 distantiae
1566 1884 1752 1934 terrae
1801 1894 1841 1934 a
1892 1870 2028 1935 sole
2077 1873 2345 1937 inverse.
2443 1874 2535 1937 Et
2581 1874 2731 1939 inde

207 1976 495 2038 oriuntur
552 1974 948 2056 aequationes
1009 1995 1241 2036 annuae
1302 1973 1532 2036 horum
1583 1986 1875 2036 motuum
1927 1975 2273 2057 aequationi
2332 1975 2531 2037 centri
2579 1973 2730 2039 solis

206 2074 728 2157 proportionales,
829 2075 1052 2137 Motus
1084 2088 1300 2137 autem
1332 2072 1483 2137 solis
1515 2087 1614 2137 est
1645 2074 1708 2136 in
1754 2073 2077 2157 duplicata
2121 2076 2367 2138 ratione
2411 2077 2730 2140 distantiae

207 2195 394 2243 terrae
426 2202 466 2241 a
497 2178 631 2242 sole
665 2179 934 2252 inverse,
971 2178 1033 2240 81
1079 2178 1361 2240 maxima
1409 2177 1609 2239 centri
1655 2177 1949 2259 aequatio,
1984 2199 2177 2259 quam
2224 2177 2362 2240 haec
2407 2176 2730 2260 inaequali·
2795 2176 2835 2263 Ξῖμ

207 2295 303 2342 tas
350 2292 634 2364 generat,
670 2291 770 2341 est
823 2289 911 2339 ΙΨ·
971 2277 1072 2358 56'
1125 2278 1251 2342 2o''
1296 2278 1621 2361 praedictae
1668 2277 1821 2341 solis
1875 2278 2323 2341 eccentricitati
2386 2278 2533 2346 163
2579 2300 2726 2342 con·

204 2403 457 2465 gruenS.
578 2380 774 2460 Quod
830 2380 883 2441 si
939 2392 1152 2442 motus
1203 2378 1356 2442 solis
1411 2392 1585 2442 esset
1639 2379 1701 2441 in
1751 2378 2065 2461 triplicata
2116 2379 2360 2442 ratione
2407 2379 2730 2443 distantiae
2833 2379 2840 2434 ἶ

206 2488 476 2559 inverse,
509 2485 648 2546 haec
679 2482 1081 2565 inaequalitas
1111 2496 1452 2567 generaret
1494 2480 1927 2564 aequationem
1959 2482 2304 2543 maximam
2340 2491 2430 2542 εἶ’·
2459 2481 2560 2561 54’
2581 2479 2722 2562 30''.

209 2589 300 2650 Et
345 2600 685 2669 propterea
730 2586 1127 2667 aequationes
1173 2585 1488 2658 maximae,
1537 2606 1698 2666 quas
1745 2581 2209 2665 inaequalitates
2254 2596 2543 2645 motuum
2574 2605 2725 2666 apo·

202 2688 327 2771 gaei
361 2688 422 2749 &
455 2687 769 2749 nodorum
802 2686 970 2749 lunae
999 2699 1329 2770 generant,
1365 2698 1518 2748 sunt
1562 2685 1645 2747 ad
1695 2695 1786 2746 2³¹·
1826 2684 1928 2765 54'
1961 2683 2086 2765 3o''
2116 2698 2188 2747 ut
2233 2697 2444 2747 motus
2475 2674 2751 2748 medius*

204 2790 467 2851 diurnus
519 2788 770 2871 apogaei
827 2787 888 2850 &
937 2800 1149 2849 motus
1204 2787 1455 2848 medius
1515 2786 1779 2848 diurnus
1841 2786 2154 2849 nodorum
2214 2783 2382 2848 lunae
2435 2798 2586 2848 sunt
2641 2785 2726 2848 ad

204 2902 448 2952 motum
523 2890 807 2950 medium
882 2888 1180 2950 diurnum
1240 2886 1409 2951 solis,
1553 2888 1753 2950 Unde
1822 2887 2037 2970 prodit
2110 2887 2387 2968 aequatio
2447 2886 2727 2949 maxima

204 2989 397 3051 medii
465 3002 676 3051 motus
737 2990 987 3072 apogaei
1060 2989 1156 3067 19'
1216 2988 1361 3069 43'',
1427 2988 1489 3051 &
1564 2989 1843 3071 aequatio
1916 2988 2197 3050 maxima
2257 2988 2451 3051 medii
2510 3000 2723 3050 motus

204 3090 519 3152 nodorum
559 3090 621 3167 9'
664 3088 803 3167 24⁰.
915 3089 1202 3150 Additur
1242 3111 1399 3152 vero
1446 3090 1725 3172 aequatio
1755 3089 1930 3171 prior
1960 3088 2022 3151 8c
2053 3088 2427 3151 subducitur
2455 3088 2719 3171 posteri-

203 3212 291 3265 or,
324 3191 432 3252 ubi
465 3203 633 3251 terra
680 3190 891 3274 pergit
942 3212 982 3252 a
1033 3188 1342 3272 perihelio
1389 3212 1508 3254 suo
1560 3190 1643 3252 ad
1692 3188 2058 3272 aphelium:
2106 3188 2170 3252 &
2217 3188 2600 3253 contrarium
2652 3187 2725 3251 fit

204 3292 267 3352 in
301 3291 598 3372 opposita
628 3291 798 3352 orbis
830 3302 1026 3372 parte.

334 3393 459 3454 Per
490 3391 801 3453 theoriam
832 3391 1167 3474 gravitatis
1221 3393 1506 3455 constitit
1551 3392 1744 3455 etiam
1776 3392 1950 3475 quod
2003 3392 2169 3455 actio
2213 3389 2364 3455 solis
2411 3392 2474 3453 in
2506 3389 2722 3453 lunam
2788 3463 2790 3469 Ι

200 3491 394 3576 paulo
447 3494 653 3576 major
711 3493 808 3565 sit,
865 3492 973 3553 ubi
1033 3504 1399 3554 transversa
1457 3493 1772 3556 diameter
1821 3493 1993 3556 orbis
2041 3491 2277 3555 lunaris
2330 3493 2556 3555 transit
2606 3513 2722 3574 per

200 3594 420 3669 solem,
455 3615 650 3677 quam
688 3594 797 3655 ubi
846 3592 1074 3654 eadem
1127 3593 1210 3654 ad
1260 3607 1466 3656 rectos
1512 3608 1612 3657 est
1658 3592 1929 3679 angulos
1977 3616 2122 3656 cum
2169 3592 2338 3656 linea
2374 3606 2607 3656 terram
2657 3591 2720 3655 8t.

200 3694 404 3758 solem
427 3695 743 3779 jungente
779 3717 790 3756 :
839 3692 901 3754 &
931 3705 1273 3775 propterea
1303 3694 1474 3755 orbis
1519 3693 1756 3757 lunaris
1802 3693 1994 3778 paulo
2039 3695 2242 3778 major
2270 3707 2370 3757 est
2413 3695 2477 3756 in
2508 3694 2719 3776 priore

199 3818 350 3859 casu
385 3818 579 3879 quam
612 3795 675 3858 in
721 3794 1088 3877 posteriore.
1206 3794 1297 3856 Et
1341 3793 1487 3856 hinc
1536 3796 1735 3859 oritur
1777 3795 1901 3858 alia
1944 3796 2222 3879 aequatio
2267 3808 2478 3859 motus
2522 3794 2716 3859 medii
