2846 4250
193 129 318 207 478
958 126 1075 175 DE
1108 125 1188 175 M
1188 123 1392 176 UNDI
1423 122 1468 174 S
1477 121 1779 174 YSTEMA
1789 121 1887 172 TE

1103 323 1763 423 LEMMAIV.

350 548 629 611 Cametas
656 569 774 610 esse
799 547 958 609 luna
985 546 1328 628 superiores
1361 547 1444 612 ὅς’
1473 545 1543 607 z'n
1575 543 1821 627 regione
1831 543 2251 624 planetarum
2280 542 2538 606 versari.

309 748 407 811 Ut
458 746 741 810 defectus
793 744 1189 828 parallaxeos
1242 745 1486 807 diurnae
1535 742 1765 807 extulit-
1814 757 2096 807 cometas
2148 767 2342 828 supra
2400 744 2696 829 regiones

189 847 576 920 sublunareS‚
628 846 717 907 sic
765 868 846 907 ex
893 845 1199 926 parallaxi
1252 868 1465 907 annua
1512 844 1908 908 convincitur
1959 867 2181 908 eorum
2230 847 2577 909 descensus
2628 846 2695 908 in

185 950 478 1032 regiones
530 946 944 1030 planetarum.
1072 946 1246 1007 Nam
1295 959 1579 1020 cometae,
1631 946 1740 1028 qui
1794 947 2291 1030 progrediuntur
2342 947 2696 1010 secundum

185 1048 472 1111 ordinem
532 1048 875 1130 signorum,
938 1058 1088 1106 sunt
1146 1067 1369 1107 omnes
1428 1046 1549 1107 sub
1616 1046 1790 1108 exitu
1851 1047 2265 1128 apparitionis
2325 1060 2437 1109 aut
2508 1045 2697 1111 solito

184 1149 492 1211 tardiores
541 1161 651 1209 aut
702 1146 1054 1230 retrogradi
1114 1145 1167 1206 si
1218 1158 1385 1207 terra
1433 1158 1531 1206 est
1577 1146 1741 1207 inter
1790 1146 1962 1228 ipsos
2013 1146 2075 1208 &
2127 1144 2363 1222 solem;
2411 1160 2478 1208 at
2514 1148 2695 1230 justo

183 1246 514 1310 celeriores
563 1248 616 1309 si
662 1260 829 1309 terra
873 1246 1083 1330 vergit
1127 1245 1209 1307 ad
1256 1246 1741 1327 oppositionem.
1841 1247 1931 1308 Et
1978 1260 2212 1320 contra,
2262 1248 2370 1329 qui
2420 1261 2697 1332 pergunt

178 1362 396 1411 contra
440 1348 727 1410 ordinem
774 1348 1101 1431 signorum
1149 1360 1298 1407 sunt
1333 1347 1510 1429 justo
1556 1345 1888 1410 celeriores
1922 1347 1985 1408 in
2019 1347 2145 1410 fine
2180 1347 2594 1429 apparitionis
2636 1350 2690 1412 si

182 1462 349 1511 terra
392 1464 683 1511 versatur
723 1449 887 1510 inter
918 1450 1088 1530 ipsos
1124 1447 1183 1510 8(
1214 1445 1451 1522 solem;
1501 1447 1561 1509 &
1606 1449 1783 1531 justo
1831 1448 2141 1510 tardiores
2189 1447 2293 1511 vel
2340 1450 2693 1534 retrogradi

180 1550 233 1611 si
266 1563 433 1612 terra
462 1551 584 1612 sita
614 1563 711 1612 est
741 1550 822 1611 ad
855 1549 1199 1612 contrarias
1230 1562 1461 1630 partes,
1559 1548 1892 1632 Contingit
1937 1549 2057 1611 hoc
2090 1550 2366 1614 maxime
2397 1574 2479 1614 ex
2514 1564 2691 1614 motu
2775 1556 2780 1561 ’

179 1663 365 1713 terrae
414 1652 477 1712 in
529 1651 707 1712 vario
757 1650 952 1731 ipsius
1001 1651 1141 1723 sim,
1190 1650 1456 1732 perinde
1504 1662 1575 1710 ut
1623 1649 1694 1710 fit
1742 1650 1805 1710 in
1851 1649 2139 1732 planetis,
2189 1651 2297 1734 qui
2350 1675 2467 1734 pro
2515 1666 2691 1715 motu

177 1765 363 1814 terrae
422 1750 524 1814 vel
600 1752 1002 1832 conspirante
1076 1749 1178 1813 vel
1254 1751 1568 1813 contrario
1629 1772 1796 1812 nunc
1871 1752 2223 1835 retrogradi
2299 1767 2461 1827 sunt,
2526 1776 2693 1816 nunc

179 1854 419 1915 tardius
472 1853 770 1936 progredi
826 1851 1138 1925 videntur,
1197 1874 1363 1913 nunc
1416 1874 1571 1914 vero
1624 1850 1905 1914 celerius,
2002 1853 2073 1915 Si
2128 1866 2296 1916 terra
2347 1856 2558 1939 pergit
2609 1856 2690 1918 ad

179 1955 450 2017 eandem
510 1967 756 2035 partem
817 1975 961 2014 cum
1022 1966 1286 2026 cometa,
1339 1952 1401 2014 &
1461 1965 1640 2015 motu
1702 1952 1989 2037 angulari
2043 1955 2208 2016 circa
2258 1954 2459 2018 solem
2513 1969 2692 2019 tanto

177 2053 440 2116 celerius
485 2054 697 2126 fertur,
731 2066 802 2114 ut
846 2065 1019 2114 recta
1049 2074 1165 2134 per
1195 2066 1427 2114 terram
1477 2052 1538 2114 ἃς
1587 2067 1903 2115 cometam
1950 2069 2263 2136 perpetuo
2303 2056 2494 2118 ducta
2543 2079 2689 2119 con-

177 2168 403 2238 vergat
433 2154 513 2216 ad
546 2167 759 2236 partes
805 2152 970 2215 ultra
1015 2166 1345 2227 cometam,
1381 2167 1632 2215 cometa
1677 2176 1714 2216 e
1760 2167 1928 2217 terra
1972 2170 2296 2238 spectatus
2328 2157 2412 2220 ob
2444 2171 2690 2221 motum

175 2277 361 2317 suum
409 2254 752 2317 tardiorem
805 2266 1073 2336 apparet
1120 2276 1262 2316 esse
1311 2255 1719 2338 retrogradus
1742 2277 1756 2329 ;
1809 2256 1908 2318 sin
1957 2269 2126 2319 terra
2177 2258 2419 2321 tardius
2472 2258 2686 2333 fertur,

865 2469 910 2513 G
1021 2468 1062 2512 F
1497 2476 1530 2512 C
1759 2472 1806 2513 B
2085 2474 2127 2515 A

1579 3248 1619 3302 Q

173 3430 382 3479 motus
428 3430 694 3481 cometae
730 3418 1039 3501 (detracto
1071 3435 1247 3484 motu
1280 3422 1490 3508 terrae)
1530 3424 1601 3487 fit
1649 3425 1875 3489 saltem
1925 3426 2178 3489 tardior.
2275 3425 2371 3487 At
2414 3425 2467 3487 si
2514 3437 2682 3486 terra

170 3518 380 3600 pergit
439 3519 502 3579 in
563 3521 906 3582 contrarias
966 3536 1197 3602 parteS,
1254 3540 1503 3587 cometa
1556 3528 1790 3590 exinde
1842 3528 2123 3591 velocior
2172 3539 2453 3609 apparet.
2573 3526 2680 3587 Ex

168 3617 621 3681 acceleratione
665 3633 879 3682 autem
939 3621 1041 3684 vel
1102 3625 1528 3688 retardatione
1573 3627 1676 3689 vel
1724 3642 1900 3691 motu
1962 3628 2335 3712 retrogrado
2379 3627 2683 3689 distantia

169 3733 435 3781 cometae
488 3721 551 3781 in
605 3721 774 3783 hunc
827 3723 1088 3784 modum
1142 3723 1468 3808 colligitur.
1581 3728 1791 3791 Sunto
1850 3749 1895 3794 φ
1926 3730 2096 3806 QA,
2162 3745 2207 3791 ‘r‘
2237 3715 2426 3806 ῼΒ,ι
2465 3745 2511 3791 φ
2541 3727 2685 3804 QC'

170 3819 527 3883 observatae
572 3833 700 3884 tres
747 3820 1179 3906 longitudines
1227 3839 1494 3888 cometae
1543 3829 1662 3890 sub
1713 3830 1891 3892 initio
1936 3843 2164 3905 motuS,
2205 3830 2416 3912 sitque
2459 3846 2505 3894 Ῥ
2536 3828 2688 3905 QF
