2852 4250
183 128 302 191 170
1004 110 1120 160 DE
1152 109 1392 161 MOTU
1417 108 1860 161 CORPORUM

174 301 367 362 quam
400 276 795 361 inaequalitas
826 277 1253 359 proportionis
1285 275 1728 339 distantiarum
1759 297 1799 337 a
1828 297 2093 357 corpore
2123 277 2417 344 maximo,
2513 279 2687 345 Nam

174 382 226 442 si
274 382 372 443 vis
417 378 841 455 acceleratrix‚
889 376 1220 459 aequaliter
1264 377 1325 438 &
1370 375 1721 438 secundum
1773 373 1972 437 lineas
2025 376 2357 458 parallelas
2417 382 2686 464 agendo,

174 480 259 542 nil
301 482 631 563 perturbat
677 494 886 542 motus
926 480 1088 540 inter
1131 499 1217 549 se,
1268 498 1527 538 necesse
1573 489 1685 548 est,
1720 489 1790 537 ut
1820 496 1902 536 ex
1947 476 2211 539 actionis
2258 478 2689 562 inaequalitate

173 582 563 662 perturbatio
616 581 866 653 oriatur,
915 579 1243 661 majorque
1288 577 1387 651 sit,
1436 574 1538 636 vel
1594 575 1801 638 minor
1843 598 1961 658 pro
2006 579 2261 661 majore,
2294 579 2398 642 vel
2445 582 2690 646 minore

173 681 617 763 inaequalitate.
736 681 1058 740 Excessus
1105 675 1488 758 impulsuum
1536 677 1862 758 majorum,
1910 679 2164 761 agendo
2194 680 2258 742 in
2304 680 2515 765 aliqua
2554 706 2687 748 cor-

172 803 330 863 pora
362 781 423 842 &
455 801 582 842 non
631 779 885 862 agendo
935 779 997 839 in
1051 776 1187 851 alia,
1239 776 1595 838 necessario
1641 777 1979 841 mutabunt
2023 779 2215 843 situm
2260 804 2482 845 eorum
2528 784 2693 847 inter

172 905 258 945 se.
377 882 467 943 Et
528 882 664 942 haec
730 880 1122 962 perturbatio
1189 878 1407 939 addita
1474 878 1949 959 perturbationi,
2019 903 2164 963 quae
2232 905 2314 945 ex
2381 882 2689 948 linearum

173 981 574 1044 inclinatione
629 981 690 1042 Sc
736 979 1167 1062 inaequalitate
1220 979 1431 1052 oritur,
1495 979 1801 1062 majorem
1863 981 2090 1044 reddet
2146 985 2689 1065 perturbationem

177 1097 387 1145 totam.

294 1183 496 1245 Corol.
537 1203 589 1261 3.
647 1181 844 1242 Unde
876 1180 927 1242 si
960 1180 1325 1262 systematis
1358 1178 1544 1262 hujus
1587 1194 1802 1261 partes
1835 1182 1897 1243 in
1930 1182 2275 1266 ellipsibuS,
2309 1186 2412 1250 vel
2444 1188 2689 1252 circulis
2763 1170 2771 1177 ⁴

171 1285 307 1346 sine
353 1283 827 1366 perturbatione
874 1281 1103 1364 insigni
1152 1294 1564 1356 moveantur;
1613 1282 2019 1346 manifestum
2066 1299 2180 1352 est.
2222 1289 2396 1370 quod
2442 1291 2688 1353 eaedem

173 1407 212 1446 a
282 1384 521 1446 viribus
589 1381 1144 1456 acceleratricibuS,
1215 1383 1297 1443 ad
1365 1381 1488 1443 alia
1558 1405 1823 1464 corpora
1893 1387 2319 1463 tendentibuS,
2384 1405 2495 1454 aut
2562 1415 2689 1456 non
2744 1434 2771 1454 ,-

169 1500 475 1570 urgentur
526 1486 643 1546 nisi
698 1483 1034 1558 levissime,
1082 1498 1192 1546 aut
1237 1498 1544 1568 urgentur
1588 1485 1921 1568 aequaliter
1966 1487 2028 1550 &
2073 1490 2427 1553 secundum
2487 1491 2688 1556 lineas

169 1585 500 1668 parallelas
539 1585 1039 1668 quamproxime.

375 1930 1023 1993 PROPOSITIO
1099 1931 1377 1997 LXVI.
1505 1933 2122 1998 THEOREMA
2193 1937 2483 2005 XXVI.

169 2130 226 2190 S
224 2130 252 2190 i
300 2139 560 2212 corpora
615 2130 765 2207 tria,
820 2154 1091 2213 quorum
1144 2133 1305 2195 vires
1361 2133 1714 2196 decrescunt
1762 2135 1831 2196 in
1891 2136 2214 2219 duplicata
2274 2141 2520 2203 ratione
2565 2142 2688 2206 dis-

255 2245 632 2321 tantiarum,
667 2269 727 2307 se
755 2254 974 2308 mutuo
1011 2248 1284 2310 trahant
1299 2277 1324 2322 ,·
1373 2251 1456 2316 (ἴτ’
1483 2251 1884 2314 attractiones
1925 2256 2372 2319 acceleratrices
2399 2258 2691 2320 binorum

249 2381 757 2443 quorumcunque
808 2362 877 2423 in
932 2364 1190 2425 tertium
1243 2366 1378 2427 sint
1416 2366 1587 2427 inter
1633 2390 1694 2428 se
1738 2369 2036 2451 recipfflce
2082 2379 2159 2432 ut
2201 2372 2522 2454 quadrata
2566 2373 2688 2436 dis-

249 2475 607 2537 tantiarum
626 2503 650 2548 ,·
725 2478 976 2540 minora
1062 2487 1272 2541 autem
1345 2482 1514 2543 circa
1583 2483 1935 2545 maximum
2019 2488 2432 2550 revolvantur
2448 2516 2467 2552 .·
2557 2490 2689 2552 dico

246 2590 415 2671 quod
453 2591 721 2653 interius
766 2594 931 2655 circa
978 2596 1279 2657 intimum
1330 2598 1412 2663 <⁶5³
1458 2599 1825 2676 maximum,
1860 2601 2065 2664 radiis
2092 2603 2186 2663 aa'
2217 2603 2424 2685 ipsum
2467 2605 2684 2679 ductis,

249 2704 536 2765 describet
591 2729 771 2769 areas
833 2713 1210 2791 temporibus
1269 2715 1473 2796 magis
1516 2718 2045 2799 proportionata,
2114 2720 2197 2785 ὣ*
2238 2719 2540 2803 figuram
2605 2722 2698 2784 ad

231 2817 527 2898 formam
578 2822 848 2902 ellipseos
892 2827 1256 2890 umbilicum
1309 2831 1379 2892 in
1426 2855 1727 2896 concursu
1775 2833 2106 2896 radiorum
2156 2834 2439 2899 habentis
2489 2837 2690 2920 magis

247 2935 626 3009 accedentem,
673 2939 734 2998 si
772 2949 995 3020 corpus
1039 2944 1394 3007 maximum
1442 2947 1542 3010 liis
1600 2951 2083 3013 attractiouibus
2139 2952 2433 3034 agitetur,
2494 2976 2687 3036 quam

251 3049 312 3110 si
337 3052 690 3113 maximum
721 3055 898 3116 illud
920 3058 1017 3117 vel
1041 3081 1081 3118 a
1112 3060 1462 3125 minoribus
1492 3088 1615 3126 non
1647 3074 1994 3128 attractum
2040 3070 2320 3151 quiescat,
2355 3071 2455 3132 vel
2487 3073 2687 3134 multo

253 3164 465 3225 minus
496 3167 594 3227 vel
619 3170 816 3231 multo
848 3173 1048 3254 magis
1075 3181 1436 3251 attractum,
1480 3188 1597 3240 aut
1625 3182 1823 3243 multo
1862 3185 2074 3248 minus
2101 3194 2221 3248 aut
2248 3189 2446 3249 multo
2486 3189 2687 3272 magis

253 3281 546 3361 agitetur.

284 3477 519 3559 Liquet
588 3480 721 3543 fere
782 3505 862 3545 ex
922 3485 1466 3556 demonstratione
1527 3497 1835 3560 corollarii
1903 3501 2165 3562 secundi
2232 3502 2683 3599 propositionis

162 3578 627 3657 praecedentis;
697 3584 813 3645 sed
873 3604 1251 3669 argumento
1312 3596 1516 3678 magis
1576 3598 1876 3663 distincto
1931 3601 1993 3663 &
2045 3601 2230 3665 latius
2277 3620 2548 3689 cogente
2592 3608 2683 3669 sic

164 3678 491 3743 evincitur.

285 3780 420 3842 Cas.
467 3802 514 3844 1.
571 3783 1014 3850 Revolvantur
1044 3812 1309 3873 corpora
1354 3795 1599 3859 minora
1635 3799 1693 3860 P
1724 3800 1786 3862 &
1817 3802 1918 3863 S
1902 3825 1964 3864 1n
2007 3806 2236 3868 eodem
2281 3806 2473 3890 plano
2519 3809 2683 3872 circa

163 3881 509 3946 maximum
554 3885 623 3960 T,
658 3908 929 3991 quorum
977 3891 1044 3953 P
1079 3891 1396 3959 describat
1433 3897 1653 3962 orbem
1701 3901 2063 3970 interiorem
2101 3907 2253 3971 PA
2277 3909 2360 3986 B,
2394 3908 2458 3972 81
2486 3909 2546 3972 S
2570 3931 2678 3972 ex-

2796 120 2814 173 ιη’-ο
