2852 4250
0 1664 34 1756 ff}-

0 1879 27 2051 Ξ

3 3141 36 3513 ὑφάσκαςτ-«ιϊέ
0 2983 45 3125 ’'Ji-*4
7 2906 22 2947 ⁴⁴·-
4 2848 22 2883 ··'·
1 2716 23 2820 νιν*
11 2682 18 2695 -
8 2650 19 2658 ν
12 2614 17 2625 -
6 2586 14 2596 ²
7 2516 12 2525 ·

22 3957 28 3964 ·
14 3893 37 3944 se·
5 3855 14 3879 '‘
27 3838 30 3843 .
6 3515 38 3827 *wwssk’r’aeh

1165 101 1404 149 LIBER
1434 101 1748 151 PRIMUS.
2571 125 2591 164 1
2608 125 2638 164 2
2650 124 2683 182 3

1081 412 1514 475 SECTIO
1589 412 1840 474 VIII.

238 597 340 657 De
370 595 712 657 inventione
749 593 991 655 orbium
1034 593 1103 654 in
1145 593 1365 674 quibus
1408 600 1664 672 corpora
1705 592 1944 653 viribus
1983 591 2435 674 quibuscunque
2474 595 2689 656 centri-

1010 721 1175 799 petis
1214 721 1455 801 agitata
1484 721 1902 780 revolvuntur.

546 1034 1171 1098 PROPOSITIO
1237 1033 1387 1094 XL.
1483 1032 2083 1094 THEOREMA
2149 1034 2369 1096 XIII.

238 1218 318 1279 Si
368 1226 599 1298 corpus,
651 1224 883 1298 cogente
936 1215 1006 1276 vi
1053 1235 1411 1295 quacunque
1463 1213 1807 1292 centripeta,
1855 1224 2172 1276 moveatur
2225 1225 2542 1297 utcunque,
2609 1219 2691 1282 &³

318 1339 534 1411 corpus
560 1330 746 1391 aliud
766 1337 925 1390 recta
953 1327 1233 1389 ascendat
1260 1327 1359 1387 vel
1385 1325 1707 1396 descendat,
1738 1325 1979 1406 sintque
2013 1349 2221 1388 eorum
2250 1329 2582 1389 velocitates
2624 1329 2693 1389 in

318 1444 526 1524 aliquo
581 1442 913 1523 oequalium
969 1440 1379 1500 altitudinum
1434 1461 1577 1501 casu
1641 1440 1913 1519 aequales,
1975 1440 2302 1501 velocitates
2359 1462 2566 1500 eorum
2624 1440 2694 1500 in

314 1557 595 1646 'omnibus
621 1555 955 1636 aequalibus
981 1553 1423 1614 altitudinibus
1449 1560 1638 1612 erunt
1657 1553 1926 1632 aequales.

353 1749 715 1811 Descendat
766 1771 988 1830 corpus
1040 1746 1294 1828 aliquod
1346 1748 1427 1809 ab
1477 1749 1546 1808 A
1604 1770 1717 1828 per
1762 1748 1846 1820 D,
1897 1749 1976 1820 E,
2026 1748 2108 1809 ad
2161 1762 2441 1809 centrum
2509 1749 2572 1821 C,
2629 1749 2690 1809 ἃ

235 1861 562 1909 moveatur
590 1869 812 1928 corpus
862 1846 1029 1908 aliud
1061 1869 1099 1907 a
1145 1848 1207 1907 V
1229 1849 1291 1908 in
1327 1846 1491 1908 linea
1521 1869 1712 1908 curva
1758 1847 1822 1907 V
1830 1848 1878 1907 Ι
1888 1848 1969 1907 K
1982 1848 2038 1909 k.
2156 1848 2389 1910 Centro
2427 1849 2483 1909 C
2507 1849 2690 1908 inter-

234 1944 412 2007 vallis
471 1947 793 2027 quibusvis
866 1947 1295 2007 describantur
1358 1946 1565 2007 circuli
1641 1947 2010 2008 concentrici
2063 1948 2133 2006 D
2161 1948 2216 2019 J,
2279 1948 2347 2007 E
2373 1948 2453 2007 K
2506 1960 2691 2007 rectae

232 2046 302 2105 A
332 2046 388 2106 C
412 2046 474 2106 in
503 2047 575 2106 D
605 2045 666 2106 &
694 2047 773 2118 E,
806 2068 1138 2126 curvaeque
1199 2046 1409 2106 VJK
1447 2046 1507 2106 in
1553 2048 1602 2106 Ι
1639 2046 1699 2106 8(
1738 2047 1819 2106 K
1855 2065 2175 2105 occurren-

234 2157 344 2205 teS.
463 2144 774 2225 Jungatur
814 2145 864 2204 Ι
891 2145 948 2205 C
985 2165 1313 2205 occurrens
1359 2144 1474 2224 ipsi
1516 2145 1596 2203 K
1618 2145 1687 2204 E
1729 2144 1790 2204 in
1836 2144 1922 2203 N
1932 2170 1956 2215 ,·
2009 2142 2069 2203 &
2115 2143 2175 2203 in

232 2244 377 2303 JK
427 2243 788 2304 demittatur
845 2241 1353 2323 perpendiculum
1405 2243 1490 2302 N
1520 2243 1583 2302 T
1589 2268 1613 2313 ‚·
1671 2242 1876 2322 sitque
1922 2241 2175 2302 circum-

2627 2280 2670 2316 v

232 2340 631 2402 serentiarum
662 2340 1024 2402 circulorum
1055 2340 1446 2402 intervallum
1486 2342 1557 2401 D
1578 2342 1647 2401 E
1672 2340 1772 2402 vel
1803 2341 1952 2401 IN
1990 2362 2178 2420 quarn
2380 2296 2615 2645 f

234 2441 574 2514 minimum,
637 2441 697 2502 &
755 2441 1028 2502 habeant
1086 2462 1346 2520 corpora
1392 2441 1451 2500 in
1496 2442 1568 2500 D
1613 2440 1674 2501 &
1730 2442 1779 2500 Ι
1815 2439 2178 2502 velocitates

233 2538 521 2619 aequales.
616 2539 931 2618 Quoniam
962 2540 1273 2601 distantiae
1310 2540 1366 2600 C
1369 2541 1455 2614 D,
1494 2541 1601 2600 CI
1624 2553 1964 2620 aequantur,
1998 2553 2180 2600 erunt
2604 2593 2663 2633 m

2467 2629 2619 2692 fl

2638 2097 2676 2134 A

2346 2633 2465 2670 LJJ

228 2638 394 2699 vires
424 2638 783 2718 centripetae
822 2639 882 2698 in
928 2639 999 2698 D
1044 2638 1104 2699 &
1148 2640 1197 2698 Ι
1234 2636 1523 2718 aequaleS.
1620 2639 2037 2718 Exponantur
2080 2638 2178 2698 hae
2379 2667 2385 2684 x

230 2735 394 2798 vires
438 2759 551 2817 per
593 2736 867 2818 aequales
914 2735 1172 2798 lineolas
1217 2738 1288 2797 D
1316 2738 1399 2812 E,
1446 2738 1496 2797 Ι
1510 2734 1597 2797 Ν
1606 2764 1630 2809 ,·
1697 2737 1756 2797 ἃ
1802 2737 1853 2797 si
1899 2737 1995 2797 vis
2054 2757 2178 2796 una
2286 2683 2422 2884 ᾜΔ

2266 2845 2298 2885 K
2345 2832 2410 2855 s

228 2836 378 2896 IN
427 2835 563 2918 (per
605 2835 815 2918 legum
860 2835 1041 2898 corol.
1083 2835 1142 2918 2)
1192 2835 1540 2897 resolvatur
1585 2837 1644 2895 in
1691 2836 1847 2896 duas
1891 2836 1976 2895 N
2006 2836 2070 2895 T
2119 2834 2178 2895 ἃ
2308 2870 2326 2915 ‚⁸

228 2934 278 2993 I
301 2933 368 3005 T,
401 2934 497 2994 vis
527 2935 612 2994 N
640 2935 707 3006 T,
740 2934 987 3016 agendo
1031 2933 1375 2994 secundum
1420 2932 1646 2994 lineam
1692 2934 1777 2993 N
1808 2934 1871 2993 T
1904 2934 2177 3013 corporis
2279 2918 2309 3279 s

2431 2803 2563 2864 u‘f

228 3031 431 3092 cursui
461 3033 510 3092 Ι
532 3033 594 3092 Τ
601 3032 683 3092 K
710 3030 1301 3112 perpendicularem,
1337 3030 1420 3091 nil
1474 3031 1740 3092 mutabit
1783 3029 2179 3092 velocitatem

229 3130 502 3209 corporis
562 3130 623 3190 in
683 3152 863 3191 cursu
926 3128 1044 3202 illo,
1099 3131 1211 3191 sed
1274 3130 1547 3191 retrahet
1604 3128 1998 3191 solummodo
2046 3151 2176 3190 cor-

229 3249 346 3308 pus
390 3250 428 3288 a
478 3250 658 3289 cursu
711 3228 1042 3302 rectilineo,
1096 3230 1405 3310 facietque
1457 3231 1659 3310 ipsum
1705 3230 1786 3290 de
1832 3229 1999 3290 orbis
2045 3242 2178 3289 tan·
2225 3259 2274 3316 k

227 3339 417 3411 gente
447 3342 748 3407 perpetuo
779 3328 1124 3399 deflectere,
1159 3329 1347 3409 inque
1377 3329 1481 3389 via
1525 3327 1863 3389 curvilinea
1906 3330 1955 3388 Ι
1979 3329 2042 3388 T
2048 3329 2129 3388 K
2138 3329 2181 3388 k

229 3425 535 3506 progredi.
584 3417 586 3419 ’
675 3426 748 3485 In
807 3425 926 3486 hoc
984 3426 1208 3486 effectu
1274 3426 1679 3506 producendo
1730 3427 1827 3486 vis
1887 3424 1989 3486 illa
2048 3439 2179 3487 tota

229 3535 665 3584 consumetur:
711 3523 806 3583 vis
837 3537 1046 3584 autem
1086 3522 1280 3585 altera
1323 3526 1372 3584 Ι
1399 3525 1466 3596 T,
1513 3524 1856 3585 secundum
1902 3523 2176 3602 corporis

230 3639 476 3681 cursum
522 3621 787 3703 agendO,
821 3635 954 3683 tota
999 3620 1366 3683 accelerabit
1418 3620 1583 3693 illud,
1617 3644 1689 3683 ac
1733 3622 1882 3683 dato
1935 3634 2217 3700 tempore
2270 3642 2457 3700 quam
2507 3620 2681 3679 mini-

234 3738 338 3780 mo
408 3718 917 3782 accelerationem
974 3720 1301 3802 generabit
1371 3720 1488 3780 sibi
1549 3720 1665 3800 ipsi
1739 3717 2278 3799 proportionalem.
2418 3717 2684 3778 Proinde

236 3836 564 3895 corporum
610 3818 670 3877 in
723 3819 794 3878 D
844 3817 905 3878 &
948 3819 998 3878 Ι
1039 3817 1517 3901 accelerationes
1562 3816 1906 3898 aequalibus
1960 3817 2342 3896 temporibus
2394 3815 2573 3875 factae
2608 3813 2682 3894 (si

2540 3166 2621 3553 Ass-„ffl-

2627 3502 2660 3541 C
