2846 4224
183 110 268 171 30
802 126 810 132 ·
1010 101 1127 151 DE
1161 96 1399 151 MOTU
1430 97 1478 150 C
1479 92 1738 148 ORPOR
1749 93 1875 146 ΠΜ
2751 0 2842 181 Ὶ

182 278 249 341 Ρ
279 275 344 340 T
377 287 451 337 ut
491 273 614 356 Pq
642 271 724 335 ad
769 271 835 334 P
865 270 930 332 T
939 243 967 343 ,·⁸
1008 267 1180 332 unde
1213 267 1364 330 PR
1405 264 1468 328 &
1502 264 1606 346 Pq
1635 260 1754 324 sibi
1787 259 2059 323 invicem
2090 269 2440 340 aequantur,
2471 269 2692 321 contra

184 373 585 459 hypothesin„

254 675 264 682 ἐ
1039 591 1093 653 L
1121 590 1178 653 E
1210 589 1282 652 M
1314 588 1385 651 M
1416 586 1480 648 A
1564 584 1630 647 X
1663 583 1729 645 X
1762 581 1827 686 Ι..

185 767 271 830 Si
323 773 500 830 ναίω
545 764 687 827 duae
733 762 979 826 mobiles
1025 762 1108 828 ὣ*
1150 757 1427 841 infinitoe
1473 755 1523 816 B
1549 753 1641 827 M,
1692 752 1746 814 C
1771 750 1841 812 M
1875 758 2004 833 per
2041 750 2196 813 data
2223 758 2471 833 puncta
2520 751 2588 826 B,
2639 752 2693 815 C

266 903 374 944 ceu
401 881 582 962 polos
623 880 835 955 ductae‚
866 897 1165 939 concursu
1207 895 1316 936 suo
1365 870 1436 933 M
1485 867 1834 932 describant
1861 865 2119 928 tertiam
2139 864 2452 947 positione
2475 865 2695 928 datam
2788 877 2795 883 '

270 1005 497 1059 rectam
531 994 602 1056 M
632 994 692 1055 N
721 1019 733 1068 ;
785 994 868 1059 ὣ*
894 991 1044 1075 alia·
1082 989 1225 1051 duae
1251 985 1526 1069 infinita·
1568 991 1746 1045 ναίω
1791 981 1842 1043 Β
1874 980 1955 1054 D,
2006 979 2061 1042 C
2087 980 2150 1041 D
2195 1001 2338 1040 cum
2361 979 2697 1061 prioribus

268 1110 510 1172 duabus
559 1107 651 1169 ad
677 1114 925 1188 puncta
975 1106 1096 1167 illa
1141 1104 1294 1165 data
1353 1102 1421 1175 B,
1480 1100 1534 1162 C
1585 1098 1763 1160 datos
1808 1095 2078 1179 angulos
2132 1094 2204 1155 M
2234 1094 2284 1155 B
2311 1094 2394 1168 D,
2446 1094 2517 1155 M
2545 1094 2599 1157 C
2628 1095 2693 1158 D

268 1222 580 1304 efficientes
620 1221 942 1283 ducantur
958 1246 977 1282 .-
1027 1219 1158 1280 dico
1202 1215 1372 1300 quod
1406 1215 1504 1276 lca·
1543 1212 1686 1274 duae
1732 1211 1783 1273 B
1810 1211 1891 1284 D,
1942 1210 1997 1272 C
2019 1209 2083 1271 D
2126 1231 2426 1272 concursu
2469 1233 2580 1273 suo
2628 1211 2693 1274 D

268 1337 606 1398 describent
640 1335 955 1397 sectionem
993 1332 1264 1395 conicam
1294 1339 1423 1412 per
1443 1335 1691 1411 puncta
1725 1326 1793 1399 B,
1830 1325 1884 1388 C
1917 1332 2357 1388 transeuntem.
2450 1327 2549 1388 Et
2575 1328 2702 1390 vice
2756 1372 2788 1402 ‚-

271 1472 463 1526 versa,
524 1450 587 1511 si
639 1457 816 1510 ναίω
877 1448 927 1509 Β
955 1448 1038 1524 D,
1112 1446 1165 1509 C
1191 1447 1254 1508 D
1323 1466 1623 1507 concursu
1680 1464 1790 1504 suo
1855 1441 1919 1503 D
1979 1439 2330 1503 describant
2383 1442 2697 1507 sectionem

272 1563 544 1626 conicam
586 1570 714 1644 per
766 1563 919 1623 data
961 1569 1208 1643 puncta
1258 1560 1326 1634 B,
1392 1559 1462 1632 C,
1527 1558 1591 1619 A
1654 1565 2097 1632 transeuntem,
2157 1557 2242 1623 ὣ*
2289 1557 2376 1619 sit
2421 1561 2700 1642 angulus

275 1682 340 1744 D
366 1681 416 1743 B
442 1680 512 1741 M
574 1688 809 1762 semper
860 1679 1119 1761 aequalis
1173 1678 1407 1759 angulo
1471 1675 1617 1737 dato
1684 1673 1748 1735 A
1780 1673 1830 1734 B
1855 1671 1928 1748 C,
1996 1672 2391 1755 angulusque
2424 1683 2427 1686 ⁴
2456 1674 2521 1736 D
2545 1674 2600 1738 C
2624 1675 2695 1737 M
2827 1658 2846 1683 ⁸

268 1803 504 1876 semper
549 1794 807 1875 oequalis
850 1794 1086 1876 angulo
1135 1792 1280 1854 dato
1325 1790 1390 1852 A
1415 1790 1469 1853 C
1494 1790 1545 1851 B
1580 1813 1592 1852 ε
1630 1796 1948 1870 punctum
1997 1786 2068 1848 M
2117 1787 2429 1871 continget
2468 1798 2698 1854 rectam

256 1910 566 1992 positione
591 1909 822 1971 datam.

305 2079 478 2140 Nam
523 2076 587 2139 in
634 2091 805 2139 recta
847 2078 1040 2140 MN
1076 2078 1264 2140 detur
1314 2090 1621 2159 punctum
1672 2076 1769 2151 Ν,
1826 2076 1889 2137 &
1940 2073 2049 2136 ubi
2101 2086 2409 2156 punctum
2462 2075 2697 2142 mobile

185 2180 283 2241 M
302 2178 520 2240 incidit
549 2178 612 2239 in
646 2178 977 2240 immotum
1008 2179 1106 2256 N,
1141 2178 1378 2240 incidat
1406 2191 1713 2261 punctum
1746 2174 1981 2240 mobile
2024 2176 2099 2237 D
2142 2176 2206 2239 in
2249 2176 2582 2240 immotum
2611 2186 2691 2248 P.
2753 2178 2762 2187 ’

179 3825 779 3960 occurrentes’ipsis
823 3828 1062 3954 291),
1047 3881 1106 3944 C
1116 3883 1191 3944 D
1235 3832 1299 3945 iii
1358 3884 1423 3945 T
1459 3884 1521 3947 &
1565 3886 1652 3962 R,
1686 3885 1750 3949 8z
1786 3886 2092 3952 facientes
2124 3890 2429 3975 angulum
2457 3893 2527 3956 B
2541 3894 2609 3956 P
2636 3892 2703 3957 T
2768 3912 2778 3957 f
2843 3876 2846 3878 ’
