2846 4250
170 54 319 174 ⁴516
441 41 444 43 *
964 89 1079 141 DE
1117 89 1405 142 MUNDJ
1437 89 1904 142 SYSTEMATE

191 261 432 344 optima
486 259 673 339 &iad
720 276 929 322 rerum
975 257 1259 322 omnium
1306 257 1504 322 vitam
1550 258 1901 343 requiritur,
1936 283 2018 324 ex
2063 265 2329 328 cometis
2373 267 2694 351 praecipue

191 362 423 426 venire.

262 455 263 459 ¹
303 460 778 544 Atmosphaerae
809 474 1198 523 cometarum
1230 462 1293 523 in
1325 462 1635 525 descensu
1682 484 1896 526 eorem
1944 465 2007 527 in
2053 464 2255 529 solem
2301 471 2696 534 excurrendo

187 562 250 624 in
305 562 1035 635 caudas-diminuuntur,
1085 562 1146 624 ἃ
1204 561 1305 646 (ea
1358 577 1527 625 certe
1588 564 1651 624 in
1715 578 1896 646 parte
1957 589 2102 648 quae
2156 566 2356 631 solem
2411 571 2691 656 respicit)

186 663 584 745 angustiores
634 662 1024 725 redduntur:
1073 662 1135 724 &
1182 664 1461 725 vicissim
1512 665 1574 725 in
1623 687 1875 727 recessu
1921 689 2140 730 eorum
2172 691 2211 730 a
2241 668 2392 747 sole,
2427 671 2535 733 ubi
2558 673 2695 755 jam

186 764 394 824 minus
440 775 779 825 excurrunt
825 763 887 823 in
933 764 1183 835 caudas
1218 764 1633 846 ampliantur;
1681 768 1733 828 si
1766 767 1959 830 modo
2005 768 2430 849 phaenomena
2474 794 2696 835 eorum

183 862 486 924 Hevelius
536 875 707 923 recte
761 864 1020 925 notavit.
1138 865 1439 951 Minimae¹
1489 880 1704 929 autem
1765 882 2091 949 apparent,
2143 870 2251 931 ubi
2305 873 2514 953 capita
2557 874 2694 956 jam

183 963 376 1025 modo
407 962 489 1024 ad
521 961 720 1024 solem
753 961 1056 1024 calefacta
1087 964 1150 1025 in
1183 965 1418 1026 caudas
1465 967 1776 1028 maximas
1821 967 1883 1029 &
1913 968 2412 1052 fulgentissimas
2458 973 2690 1047 abiere,

185 1063 245 1125 ἃ
278 1062 479 1126 nuclei
511 1064 686 1125 fumo
717 1063 929 1125 forsan
962 1065 1267 1126 crassiore
1300 1065 1362 1126 &
1394 1066 1669 1149 nigriore
1702 1068 1765 1128 in
1797 1069 2370 1150 atmosphaerarum
2407 1074 2694 1154 partibus

183 1164 413 1225 infimis
475 1164 931 1227 circundantur.
1058 1165 1231 1225 Nam
1285 1165 1496 1226 fumus
1557 1167 1766 1228 omnis
1816 1168 2061 1252 ingenti
2115 1170 2322 1234 calore
2383 1175 2694 1238 excitatus

182 1266 448 1327 crassior
497 1264 558 1326 ἃ
607 1265 845 1348 nigrior
892 1286 1034 1326 esse
1082 1263 1260 1327 solet.
1357 1265 1465 1327 Sic
1519 1280 1711 1347 caput
1764 1283 2047 1344 cometae,
2104 1272 2187 1333 de
2241 1295 2369 1355 quo
2424 1276 2690 1359 egimUS,

180 1366 242 1427 in
304 1358 678 1448 aequalibus
713 1389 752 1427 a
825 1364 959 1428 sole
1033 1388 1106 1427 ac
1181 1378 1348 1427 terra
1422 1366 1739 1428 distantiis
1801 1369 2129 1431 obscurius
2190 1375 2488 1454 apparuit
2546 1391 2695 1458 post

180 1467 553 1548 perihelium
606 1490 791 1528 suum
845 1489 1037 1549 quam
1091 1480 1295 1528 antea.
1414 1467 1645 1529 Mense
1699 1469 1869 1530 enim
1921 1471 2251 1534 Decembri
2298 1497 2442 1536 cum
2495 1476 2693 1540 stellis
2779 1464 2786 1471 ⁸

179 1575 381 1636 tertiae
414 1574 866 1658 magnitudinis
914 1572 1181 1635 conferri
1228 1571 1490 1645 solebat,
1525 1586 1591 1633 at
1638 1594 1859 1634 mense
1905 1574 2260 1637 Novembri
2300 1599 2444 1639 cum
2491 1578 2689 1641 stellis

179 1677 400 1757 primae
434 1675 494 1737 &
536 1675 846 1738 secundae.
973 1675 1063 1736 Et
1107 1675 1215 1756 qui
1248 1688 1589 1755 utrumque
1622 1674 1934 1751 viderant,
1971 1676 2275 1758 majorem
2323 1678 2692 1742 describunt

179 1789 491 1838 cometam
525 1777 816 1857 priorem.
938 1775 1111 1836 Nam
1149 1776 1374 1858 juveni
1422 1775 1674 1836 cuidam
1729 1776 2251 1859 Cantabrzgiensz',
2285 1779 2548 1842 Novem.
2596 1801 2687 1859 19,

176 1890 424 1938 cometa
455 1876 628 1938 hicce
660 1876 797 1938 luce
829 1878 1385 1957 suaquantumvis
1412 1875 1712 1958 plumbea
1744 1876 1806 1938 ἃ
1837 1877 2067 1939 obtusa
2098 1879 2397 1960 aequabat
2429 1880 2688 1962 Spicam

178 1979 479 2062 VirginiS,
546 1978 607 2040 ἃ
667 1977 892 2040 clarius
954 1978 1229 2039 micabat
1290 2001 1482 2060 quam
1554 1992 1792 2060 postea.
1887 1979 1982 2053 ,Et
2054 1980 2440 2043 Montenaro
2512 1982 2683 2045 Nov.

178 2099 258 2141 20
318 2092 391 2140 st.
472 2092 596 2141 vet.
663 2092 910 2141 cometa
985 2079 1336 2159 apparebat
1406 2081 1609 2163 major
1667 2078 1865 2141 stellis
1926 2081 2149 2162 primae
2211 2082 2687 2166 magnitudinis,

173 2179 485 2241 existente
517 2180 720 2241 cauda
751 2180 1021 2241 duorum
1052 2180 1367 2262 graduum
1401 2180 1833 2265 longitudinis,
1962 2183 2051 2245 Et
2094 2184 2181 2245 D.
2219 2184 2447 2246 Storer
2473 2184 2686 2260 literiS,

173 2301 317 2360 quae
356 2280 417 2340 in
464 2302 688 2341 manus
740 2293 986 2341 nostras
1034 2281 1327 2356 incidere,
1363 2285 1615 2366 scripsit
1661 2298 1852 2365 caput
1898 2285 2034 2367 ejus
2082 2307 2301 2348 mense
2345 2288 2685 2363 Decembri,

171 2382 278 2442 ubi
333 2383 598 2443 caudam
650 2382 993 2443 maximam
1049 2383 1110 2445 &
1163 2384 1695 2468 fulgentissimam
1751 2385 2099 2458 emittebat,
2133 2408 2403 2467 parvum
2450 2410 2593 2450 esse
2626 2388 2688 2450 ἃ

173 2484 610 2566 magnitudine
643 2482 872 2545 visibili
905 2482 1095 2567 longe
1128 2485 1355 2547 cedere
1402 2502 1685 2559 cometae,
1721 2487 1830 2568 qui
1877 2508 2097 2548 mense
2142 2487 2499 2549 Novembri
2537 2502 2688 2551 ante

171 2582 320 2644 solis
382 2598 590 2646 ortum
651 2597 1047 2665 apparuerat.
1176 2585 1375 2668 Cujus
1438 2588 1526 2649 rei
1589 2588 1901 2649 rationem
1977 2609 2119 2648 esse
2194 2589 2683 2671 conjectabatur,

172 2685 343 2765 quod
400 2687 661 2748 materia
714 2686 935 2767 capitis
982 2686 1102 2747 sub
1157 2686 1334 2750 initio
1389 2689 1706 2770 copiosior
1754 2701 1939 2762 esset,
1990 2688 2051 2751 &
2100 2688 2405 2771 paulatim
2459 2713 2684 2754 consu-

172 2799 462 2848 meretur.

290 2886 542 2948 Eodem
574 2900 862 2968 spectare
893 2890 1162 2963 videtur,
1198 2893 1371 2974 quod
1405 2894 1614 2975 capita
1645 2909 2036 2958 cometarum
2068 2896 2350 2972 aliorum,
2385 2899 2493 2981 qui
2540 2921 2684 2960 cau-

172 2984 286 3045 das
320 2987 627 3047 maximas
676 2987 737 3049 ἃ
782 2989 1280 3072 fulgentissimas
1328 2995 1691 3069 emiserunt,
1727 2999 2141 3079 apparuerint
2184 2999 2576 3061 subobscura
2623 2999 2685 3062 81

170 3085 415 3167 exigua.
544 3087 716 3148 Nam
763 3111 931 3152 anno
988 3097 1146 3155 1668
1194 3097 1404 3158 Μιτνί.
1449 3115 1479 3175 5
1517 3111 1591 3159 st.
1630 3119 1774 3160 nov.
1812 3099 1969 3161 hora
2014 3100 2287 3181 septima
2318 3101 2684 3182 vespertina

170 3186 252 3247 R.
289 3187 365 3248 P.
416 3188 790 3251 Valentinus
820 3192 1178 3268 Estcmcius,
1214 3198 1525 3259 Brasz‘liae
1553 3221 1769 3282 agenS,
1805 3214 2119 3262 cometam
2165 3202 2328 3263 vidit
2373 3202 2683 3264 horizonti

168 3287 528 3366 proximum
560 3290 640 3349 ad
674 3313 966 3352 occasum
999 3294 1147 3356 solis
1181 3297 1549 3373 brumalem,
1578 3302 1784 3382 capite
1810 3302 2073 3364 minimo
2100 3302 2161 3364 &
2184 3303 2294 3364 vix
2318 3304 2679 3385 conspicuO,

169 3387 370 3448 cauda
430 3412 583 3451 vero
643 3413 835 3471 supra
896 3395 1157 3456 modum
1218 3397 1520 3480 fulgente,
1578 3414 1648 3462 ut
1700 3417 1943 3465 stantes
2007 3404 2069 3464 in
2131 3402 2341 3466 littore
2401 3405 2680 3486 speciem

168 3487 302 3568 ejus
364 3510 399 3549 e
460 3490 616 3550 mari
678 3492 979 3553 reflexam
1040 3495 1221 3558 facile
1282 3515 1626 3565 cernerent.
1765 3503 2063 3585 Speciem
2123 3505 2344 3586 utique
2403 3505 2682 3567 habebat

167 3589 360 3649 trabis
393 3589 787 3670 splendentis
834 3592 1233 3676 longitudine
1284 3620 1314 3658 2
1327 3621 1360 3678 3
1408 3602 1742 3683 graduum,
1779 3606 1860 3666 ab
1906 3605 2236 3668 occidente
2282 3606 2346 3667 in
2392 3620 2677 3668 austrum

166 3711 454 3771 vergens
543 3691 604 3752 ἃ
679 3692 989 3755 horizonti
1063 3696 1194 3758 fere
1270 3700 1585 3779 parallela.
1727 3704 1979 3767 Tantus
2069 3719 2286 3767 autem
2376 3706 2681 3788 splendor

164 3802 291 3848 tres
337 3789 541 3850 solum
588 3792 724 3853 dies
774 3794 1059 3868 durabat,
1115 3798 1386 3860 subinde
1440 3803 1805 3866 notabiliter
1851 3805 2262 3882 decrescens;
2320 3807 2381 3869 &
2435 3808 2677 3870 interea

164 3888 569 3954 decrescente
604 3892 944 3974 splendore
975 3911 1160 3959 aucta
1194 3913 1293 3961 est
1324 3904 1765 3985 magnitudine
1797 3907 2013 3971 cauda.
2130 3908 2327 3972 Unde
2374 3909 2565 3972 etiam
2614 3910 2675 3970 in
