2852 4250
1138 136 1376 187 LIBER
1411 136 1717 187 PRIMUS
2546 164 2566 204 1
2581 163 2615 222 3
2630 165 2653 204 1

127 315 133 365 ἶ
206 302 394 365 lineae
419 309 474 383 p
498 301 557 363 C
591 300 674 362 ad
717 313 956 362 motum
1001 297 1362 382 angularem
1384 297 1589 387 ‘liueae
1634 299 1700 359 Ρ
1721 298 1789 370 C,
1836 298 1899 360 id
1929 311 2039 372 est,
2072 312 2142 361 ut
2168 301 2432 383 angulus
2477 305 2541 365 V
2554 308 2612 367 C
2606 317 2661 388 p

72 472 83 482 Α
185 401 294 464 'ad
322 399 625 483 angulum·
665 398 728 459 V
743 399 801 460 C
808 399 888 460 P.
1011 397 1212 479 Igitur
1237 396 1463 462 eodem
1502 408 1784 475 tempore
1827 417 1956 476 quo
1983 419 2206 478 corpus
2235 400 2300 459 Ρ
2342 414 2514 462 motu
2544 425 2659 465 suo

75 499 78 506 ’
209 511 476 579 utroque
515 496 804 578 pervenit
844 495 927 556 ad
969 507 1268 575 punctum
1312 495 1404 568 Is,
1435 515 1659 574 corpus
1686 502 1742 574 p
1785 494 2010 575 aequali
2055 495 2118 556 in
2162 509 2442 559 centrum
2485 514 2658 562 motu

210 595 533 678 aequaliter
580 594 934 657 movebitur
976 615 1016 654 a
1047 601 1102 673 p
1152 614 1372 654 versus
1427 592 1495 663 C,
1548 591 1816 672 ideoque
1862 592 2172 673 completo
2225 594 2328 657 illo
2379 610 2660 678 tempore

209 695 552 776 reperietur
594 692 818 754 alicubi
865 692 927 752 in
974 689 1139 752 linea
1183 691 1374 763 mkr,
1424 711 1568 771 quae
1613 711 1729 770 per
1772 703 2071 770 punctum
2099 693 2144 752 k
2186 692 2248 753 in
2279 691 2508 756 lineam
2523 704 2577 775 p
2605 699 2663 758 C

207 789 732 874 perpendicularis
778 801 908 860 est;
954 788 1015 850 δε
1061 802 1234 851 motu
1282 801 1638 850 transverso
1684 789 1962 869 acquiret
2011 790 2370 852 distantiam
2414 815 2453 853 a
2495 793 2658 856 linea

107 908 115 914 ’
196 900 251 973 p
275 892 342 964 C,
396 912 539 971 quae
589 889 670 950 sit
719 889 800 949 ad
844 887 1202 949 distantiam
1233 909 1422 968 quarn
1451 909 1676 968 corpus
1711 886 1972 948 alterum
2002 890 2067 949 P
2108 891 2371 971 acquirit
2413 915 2451 954 a
2494 893 2658 956 linea

206 990 271 1049 P
293 990 359 1061 C,
418 1001 489 1048 ut
545 999 642 1048 θεῖ
692 999 898 1047 motus
949 999 1340 1047 transversus
1391 985 1666 1065 corporis
1701 994 1756 1066 p
1807 986 1888 1046 ad
1941 1000 2179 1048 motum
2231 1002 2654 1053 transversum

206 1087 480 1167 corporis
509 1084 759 1146 alterius
788 1086 866 1146 P.
959 1084 1173 1163 Quare
1202 1105 1343 1144 cum
1371 1083 1464 1144 ,ἐν
1488 1082 1746 1164 aequalis
1768 1085 1849 1145 sit
1870 1084 2182 1147 distantiae
2213 1108 2400 1168 quam
2432 1111 2655 1170 corpus

204 1186 268 1245 Ρ
295 1184 556 1267 acquirit
584 1205 622 1244 a
650 1182 813 1245 linea
839 1185 905 1244 P
916 1183 983 1256 C,
1016 1184 1222 1264 sitque
1250 1204 1365 1243 mr
1388 1182 1469 1244 ad
1498 1182 1598 1243 ,ἐν
1622 1194 1692 1243 ut
1719 1181 1984 1265 angulus
2030 1185 2095 1246 V
2110 1186 2168 1247 C
2161 1193 2215 1266 p
2245 1187 2326 1247 ad
2357 1188 2653 1271 angulum

206 3152 270 3212 V
282 3153 341 3214 C
349 3154 428 3226 Ρ,
460 3154 579 3216 hoc
608 3168 719 3228 θεῖ,
751 3168 822 3216 ut
850 3171 1056 3218 motus
1101 3171 1494 3221 transversus
1538 3162 1813 3241 corporis
1841 3171 1897 3243 p
1941 3164 2022 3224 ad
2069 3178 2307 3226 motum
2339 3178 2644 3226 transver-

188 3271 328 3311 sum
357 3253 632 3333 corporis
660 3255 739 3326 Ρ,
771 3255 1166 3318 manifestum
1197 3270 1294 3319 θεῖ
1336 3258 1507 3339 quod
1538 3281 1761 3340 corpus
1788 3269 1844 3342 p
1888 3261 2199 3343 completo
2230 3263 2334 3326 illo
2363 3277 2644 3344 tempore

187 3350 529 3430 reperietur
585 3352 648 3413 in
705 3350 843 3414 loco
899 3375 976 3415 m.
1096 3355 1259 3416 Haec
1310 3356 1396 3417 ita
1446 3379 1516 3422 εθ
1562 3357 1883 3420 habebunt
1932 3360 2038 3421 ubi
2086 3383 2347 3443 corpora
2374 3371 2428 3442 p
2473 3363 2534 3423 &
2579 3365 2644 3423 Ρ

189 3447 511 3528 aequaliter
542 3451 886 3513 secundum
933 3452 1128 3514 lineas
1159 3462 1215 3534 p
1240 3455 1298 3516 C
1335 3454 1396 3516 &
1438 3457 1503 3515 Ρ
1525 3456 1583 3516 C
1619 3470 1965 3530 moventur,
1999 3458 2267 3539 ideoque
2298 3459 2641 3540 aequalibus

187 3545 423 3613 viribus
474 3549 816 3610 secundum
867 3547 1062 3612 lineas
1121 3549 1255 3613 illas
1313 3567 1627 3635 urgentur.
1751 3556 2051 3636 Capiatur
2106 3570 2316 3618 autem
2341 3620 2345 3624 ,
2374 3557 2638 3640 angulus

172 3649 228 3722 p
253 3643 370 3704 Cn
419 3644 501 3705 ad
551 3644 849 3728 angulum
879 3647 1070 3728 ka
1111 3661 1183 3710 ut
1231 3662 1330 3711 θεῖ
1372 3651 1637 3734 angulus
1693 3654 1758 3714 V
1777 3655 1835 3714 C
1828 3663 1884 3734 p
1929 3655 2010 3715 ad
2055 3654 2352 3736 angulum
2411 3656 2476 3716 V
2489 3656 2547 3716 C
2555 3657 2634 3727 Ρ,

181 3739 392 3820 sitque
440 3763 486 3803 n
509 3742 567 3804 C
609 3743 868 3825 aequalis
916 3745 1049 3819 k-C,
1103 3746 1165 3808 Sc
1216 3768 1440 3828 corpus
1476 3757 1532 3829 p
1577 3749 1890 3830 completo
1942 3750 2046 3813 illo
2093 3764 2374 3832 tempore
2417 3773 2637 3812 revera

190 3839 530 3919 reperietur
575 3841 637 3901 in
683 3863 772 3915 n,·
813 3842 1082 3924 ideoque
1126 3845 1190 3905 vi
1231 3847 1465 3928 majore
1494 3860 1751 3927 urgetur
1778 3869 1967 3928 quam
1998 3870 2220 3928 corpus
2248 3851 2329 3923 P,
2361 3849 2413 3909 si
2445 3849 2632 3911 modo
