2846 4224
1085 110 1321 158 LJBER
1368 110 1675 159 PRIMUS.
2479 135 2500 174 1
2522 136 2542 174 Ι
2564 136 2584 176 1

164 271 475 355 quantitas
504 291 666 330 areae
695 270 1134 331 abscindendae
1164 270 1428 349 tempori
1458 268 1944 349 proportionalis,
2034 272 2132 331 Sit
2174 294 2250 333 ea
2286 274 2366 345 A,
2400 275 2460 335 &
2490 277 2596 336 fiat

164 369 513 450 conjectura
542 366 960 446 depositione
990 381 1174 428 rectae
1199 368 1256 427 S
1267 369 1344 439 P,
1377 389 1519 447 quae
1562 389 1770 428 aream
1813 368 1880 426 A
1908 369 1972 426 P
1995 369 2051 427 S
2074 370 2394 430 abscindat
2429 394 2595 434 verae

163 466 524 548 proximam.
613 464 924 545 Jungatur
956 466 1107 536 ΟΡ,
1141 464 1202 524 &
1231 465 1310 525 ab
1338 465 1407 524 A
1445 463 1506 524 ἃ
1533 465 1598 524 Ρ
1625 464 1705 524 ad
1735 453 2132 544 asymptoton
2163 479 2426 547 agantur
2453 469 2595 544 AI,

162 563 323 625 PK
342 574 698 643 asymptoto
736 561 912 623 alteri
955 561 1154 642 paral-

163 660 313 734 lelae‚
340 661 400 722 &
429 682 541 741 per
561 660 835 721 tabulam
859 659 1154 743 logarith-

163 781 403 822 morum
433 759 681 819 dabitur
707 780 853 819 area
886 759 954 818 A
962 759 1153 830 IKP,

128 858 133 862 ’
162 859 346 941 eique
405 856 662 938 aequalis
712 879 857 919 area
912 857 1154 928 OPA,

151 978 304 1040 -quae
361 956 666 1017 subducta
715 955 797 1017 de
847 954 1157 1037 triangulo

167 1056 304 1118 ΟΡ
321 1055 378 1116 S
428 1053 734 1135 relinquet
784 1075 994 1115 aream
1045 1055 1151 1114 ab·

162 1153 417 1214 scissam
445 1153 514 1212 A
537 1153 675 1214 PS.
756 1150 1157 1232 Applicando

162 1270 323 1310 areae
352 1248 793 1310 abscindendae
838 1249 901 1308 A
944 1251 1005 1310 ἃ
1048 1251 1154 1311 ab-

160 1348 369 1409 scissae
440 1347 508 1407 A
532 1348 596 1407 Ρ
619 1347 677 1407 S
741 1348 1155 1409 differentiam

161 1444 416 1527 duplam
465 1466 496 1506 2
543 1447 892 1507 Aps-2
944 1446 1008 1507 A
1053 1446 1154 1508 vel

165 1564 196 1604 2
261 1543 447 1604 A·-2
503 1544 572 1603 A
599 1544 744 1604 PS
788 1543 870 1603 ad
929 1542 1158 1605 lineam

162 1642 321 1714 SN,
354 1662 495 1722 quae
539 1641 620 1701 ab
663 1640 954 1703 umbilico
998 1642 1152 1702 Sin
1218 1626 1253 1666 0
1881 1632 1921 1668 'f
2076 1632 2121 1667 A
2497 1633 2530 1674 S

157 1751 517 1822 tangentem
581 1739 715 1800 ΤΡ
738 1725 1287 1819 'perpendicularis
1330 1755 1441 1813 est,
1488 1743 1719 1804 orietur
1768 1742 2093 1825 longitudo
2143 1744 2393 1805 chordae
2436 1746 2592 1820 ΡΩ.

162 1838 539 1899 Inscribatur
566 1850 775 1898 autem
805 1838 1037 1899 chorda
1060 1838 1162 1899 illa
1189 1841 1254 1900 Ρ
1273 1841 1330 1916 Q
1363 1842 1522 1902 inter
1549 1844 1616 1902 A
1655 1843 1715 1903 &
1751 1843 1821 1913 Ρ,
1854 1842 1905 1902 si
1936 1863 2080 1902 area
2108 1842 2381 1902 abscissa
2408 1843 2475 1902 Α
2483 1844 2604 1903 PS

111 1981 116 1986 ⁴
157 1936 355 2018 major
375 1936 457 1996 sit
485 1957 632 1996 area
660 1936 1083 1997 abscindenda
1113 1937 1194 2009 A,
1226 1959 1405 1999 secus
1435 1940 1516 1999 ad
1546 1941 1756 2020 puncti
1787 1941 1851 1999 Ρ
1879 1940 2214 2001 contrarias
2244 1953 2451 2020 partes
2480 1965 2491 2002 ε
2539 1941 2599 2001 &

156 2046 452 2114 punctum
485 2034 542 2108 Q
581 2034 697 2094 erit
725 2033 895 2095 locus
926 2037 1198 2115 corporis
1228 2038 1580 2101 accuratior.
1702 2038 1789 2098 Et
1832 2039 2293 2118 computatione
2337 2039 2598 2119 repetita

157 2130 505 2192 invenietur
535 2131 700 2192 idem
729 2133 1068 2193 accuratior
1097 2134 1158 2193 in
1189 2147 1573 2214 perpetuum.

269 2229 488 2310 Atque
518 2229 613 2290 his
645 2228 890 2290 calculis
919 2230 1243 2310 problema
1277 2230 1650 2313 generaliter
1692 2234 1882 2295 confit
1924 2232 2240 2314 analytice.
2360 2234 2596 2295 Verum

155 2327 369 2389 usibus
387 2328 813 2389 astronomicis
832 2329 1354 2391 accommodatior
1374 2343 1470 2419 est
1487 2331 1754 2392 calculus
1773 2330 2153 2412 particularis
2172 2332 2277 2412 qui
2300 2333 2592 2412 sequitur.

160 2425 592 2486 Existentibus
635 2426 703 2485 A
737 2426 807 2497 0,
845 2427 997 2497 OB,
1035 2428 1180 2488 OD
1222 2429 1601 2490 semiaxibus
1645 2429 1949 2510 ellipseOS,
1984 2429 2045 2490 8c
2080 2430 2132 2489 L
2179 2430 2371 2510 ipsius
2402 2429 2594 2491 latere

157 2536 339 2596 recto,
371 2546 444 2585 ac
478 2525 540 2584 D
571 2525 919 2586 differentia
948 2526 1108 2586 inter
1135 2526 1476 2587 semiaxem
2039 2537 2079 2573 D

157 2622 458 2683 minorem
493 2622 621 2682 OD
650 2621 711 2683 &
739 2621 948 2683 lateris
972 2623 1120 2684 recti
1151 2625 1476 2684 semissem

155 2718 191 2786 ὲ
236 2720 327 2793 L;
387 2741 598 2800 quaere
643 2733 774 2780 tum
828 2719 1123 2802 angulum
1176 2721 1255 2793 Y,
1302 2722 1476 2802 cujus

155 2817 328 2878 sinus
356 2818 436 2878 sit
464 2818 545 2878 ad
576 2818 816 2879 radium
841 2831 911 2879 ut
932 2831 1029 2879 est
1050 2817 1475 2899 rectangulum

143 2916 276 2982 ‚sub
315 2916 662 2978 differentia
706 2915 807 2977 illa
855 2917 935 2988 D,
970 2916 1030 2977 &
1075 2917 1476 2978 semisumma
1515 2939 1560 2976 A

154 3014 362 3075 axium
390 3015 458 3075 A
488 3016 612 3083 04
634 3015 779 3075 OD
806 3015 887 3074 ad
932 3014 1302 3094 quadratum
1342 3015 1476 3075 axis

156 3112 404 3193 majoris
433 3113 501 3172 A
524 3114 590 3172 B
605 3138 630 3184 ‚·
673 3125 805 3173 tum
849 3110 1146 3193 angulum
1193 3112 1260 3183 Z,
1302 3113 1475 3192 cujus

156 3208 325 3270 sinus
382 3210 464 3271 sit
519 3211 600 3271 ad
662 3210 902 3271 radium
961 3223 1030 3269 ut
1073 3222 1168 3270 est
1218 3208 1477 3289 duplum

156 3305 577 3388 rectangulum
599 3308 717 3369 sub
739 3306 1166 3368 umbilicorum
1186 3307 1480 3367 distantia

157 3401 216 3462 S
226 3403 312 3463 H
333 3403 394 3464 81
422 3404 769 3466 differentia
798 3403 899 3465 illa
933 3405 996 3465 D
1027 3405 1108 3464 ad
1138 3404 1390 3485 triplum
1420 3404 1793 3485 quadratum
1823 3402 2116 3462 semiaxis
2147 3399 2397 3481 majoris
2431 3398 2498 3457 A
2521 3399 2591 3459 O.

164 3499 285 3562 His
315 3502 555 3584 angulis
585 3502 778 3564 semel
810 3503 1095 3576 inventis;
1127 3501 1298 3564 locus
1317 3502 1591 3582 corporis
1621 3501 1709 3561 sie
1739 3500 2035 3578 deinceps
2065 3498 2589 3559 determinabitur.

158 3597 351 3660 Sume
380 3600 674 3681 angulum
707 3602 766 3661 T
798 3599 1323 3681 proportionalem
1367 3600 1631 3679 tempori
1676 3619 1802 3678 quo
1845 3617 2022 3656 arcus
2065 3596 2210 3655 BP
2250 3593 2593 3671 descriptus

157 3709 268 3768 est,
327 3717 437 3758 seu
509 3699 702 3760 motui
775 3699 983 3759 medio
1058 3697 1152 3780 (ut
1212 3695 1569 3778 loquuntur)
1625 3693 1962 3774 aequalem;
2038 3693 2098 3752 &
2154 3689 2448 3771 angulum
2515 3688 2590 3758 V,

157 3793 418 3873 primam
450 3795 635 3855 medii
668 3809 872 3856 motus
903 3796 1338 3876 aequationem,
1371 3791 1791 3874 ad-angulum
1838 3792 1915 3864 Y,
1948 3790 2362 3870 aequationem
2400 3785 2589 3845 maxi-
