2852 4250
1030 122 1268 171 LIBER
1302 85 1615 173 SECUND
1625 125 1724 175 ας.
2467 151 2584 212 379

99 363 137 370 ψ
280 287 415 348 CaS.
450 304 503 362 3.
556 282 894 344 Dividatur
912 283 1046 363 jam
1075 282 1338 344 annulus
1368 285 1795 365 unusquisque
1824 281 2199 350 sectionibus
2226 297 2591 356 transversis

95 403 98 412 ¹
151 376 228 447 ‘in
257 379 586 464 particulas
622 381 980 440 innumeras
1023 381 1484 446 constituentes,
1512 381 1920 443 substantiam
1964 385 2245 447 absolute
2275 389 2336 448 &
2366 392 2589 452 unifor-

73 486 101 533 -j
165 482 348 550 miter
402 478 692 549 fluidam;
766 477 828 537 &
878 476 1173 556 quoniam
1238 476 1336 537 hae
1394 478 1700 538 sectiones
1752 488 1876 540 non
1929 495 2211 559 spectant
2260 486 2340 544 ad
2391 485 2592 567 legem

67 641 76 651 ,
163 591 368 642 motus
398 574 720 647 circularis,
753 575 865 635 sed
906 574 987 634 ad
1033 574 1536 635 constitutionem
1581 576 1752 636 fluidi
1796 576 2185 639 solummodo
2229 583 2591 654 conducunt,

77 713 82 741 ς
163 673 586 758 perseverabit
614 684 820 732 motus
851 669 1159 731 circularis
1189 683 1259 730 ut
1287 672 1472 750 prius.
1571 673 1694 733 His
1724 674 2098 734 sectionibus
2143 676 2350 737 annuli
2381 700 2594 739 omnes

60 847 62 852 Ι
163 794 351 854 quam
380 770 617 831 minimi
647 770 1045 848 asperitatem
1078 768 1139 828 &
1167 768 1296 828 vim
1327 770 1572 829 attritus
1603 771 1799 831 mutui
1829 784 1935 831 aut
1965 793 2088 832 non
2118 775 2459 846 mutabunt,
2492 790 2598 836 aut

55 894 123 951 g.
160 870 489 932 mutabunt
545 866 880 947 aequaliter.
996 866 1085 925 Et
1143 880 1434 926 manente
1486 889 1810 928 causarum
1869 871 2267 947 proportione
2326 874 2598 933 manebit

162 969 493 1030 effectuum
551 967 886 1046 proportio,
948 965 1066 1026 hoc
1124 978 1234 1035 est,
1296 967 1612 1045 proportio
1685 981 1960 1029 motuum
2032 969 2091 1029 ἃ
2148 973 2595 1049 periodicorum

163 1080 530 1146 temporum.
666 1065 740 1139 Q.
763 1065 844 1124 E.
868 1065 953 1124 D.
1090 1064 1403 1124 Caeterum
1477 1087 1616 1124 cum
1690 1080 1893 1126 motus
1953 1067 2272 1141 circulariS,
2336 1071 2395 1131 &
2454 1074 2597 1134 inde

163 1177 299 1226 orta
326 1164 423 1224 vis
470 1162 828 1243 centrifuga‚
862 1161 1061 1242 major
1110 1161 1191 1220 sit
1237 1162 1317 1220 ad
1366 1160 1710 1240 eclipticam
1742 1185 1927 1242 quam
1974 1166 2054 1223 ad
2090 1165 2300 1244 polos;
2346 1168 2598 1229 debebit

164 1283 349 1322 causa
377 1259 584 1340 aliqua
612 1260 834 1320 adesse
865 1281 988 1338 qua
1018 1258 1334 1338 particulae
1365 1259 1625 1340 singulae
1658 1261 1718 1319 in
1750 1260 1986 1321 circulis
2031 1263 2156 1322 suis
2188 1265 2596 1338 retineantur;

70 1436 73 1438 ³
165 1371 244 1421 ne
294 1359 564 1429 materia,
603 1378 745 1437 quae
791 1356 872 1416 ad
919 1355 1264 1436 eclipticam
1309 1370 1419 1427 est,
1459 1358 1708 1417 recedat
1751 1379 1998 1436 semper
2044 1381 2082 1418 a
2128 1374 2338 1421 centro
2388 1362 2446 1421 8ε
2490 1384 2600 1441 per

53 1449 62 1467 ³
163 1454 470 1516 exteriora
511 1454 762 1515 vorticis
806 1454 1031 1534 migret
1074 1455 1155 1514 ad
1207 1453 1400 1534 poIOS,
1436 1455 1706 1534 indeque
1752 1477 1863 1534 per
1905 1477 2086 1515 axem
2132 1457 2210 1516 ad
2259 1457 2599 1537 eclipticam

165 1552 559 1630 circulatione
588 1564 890 1632 perpetua
919 1565 1278 1613 revertatur.

283 1652 480 1712 Corol.
525 1671 570 1711 1.
627 1650 797 1710 Hinc
826 1663 1031 1710 motus
1076 1649 1404 1731 angulares
1448 1651 1715 1729 partium
1764 1651 1933 1711 fluidi
1986 1652 2144 1711 circa
2186 1674 2366 1713 axem
2417 1653 2599 1734 globi,

163 1762 309 1810 sunt
354 1748 664 1827 reciproce
707 1760 777 1807 ut
822 1747 1126 1826 quadrata
1165 1747 1598 1807 distantiarum
1644 1769 1681 1807 a
1725 1761 1940 1808 centro
1986 1747 2171 1829 globi,
2208 1750 2267 1809 &
2314 1750 2599 1810 velocita-

68 1838 93 1867 ²
165 1860 260 1908 tes
317 1845 617 1907 absolutae
670 1846 980 1924 reciproce
1039 1858 1107 1905 ut
1157 1846 1378 1905 eadem
1432 1845 1734 1924 quadrata
1784 1844 2090 1925 applicata
2147 1848 2226 1906 ad
2279 1848 2602 1908 distantias

5 1974 8 1976 “
75 1996 77 1998 .
168 1945 248 2005 ab
277 1966 409 2004 axe.

285 2043 480 2102 Corol.
520 2062 569 2103 2.
619 2041 688 2102 Si
718 2039 942 2122 globus
993 2042 1052 2100 in
1107 2042 1298 2102 fluido
1350 2042 1709 2120 quiescente
1760 2039 2010 2100 similari
2061 2041 2120 2100 8ῑ
2166 2042 2402 2102 infinito
2446 2044 2603 2102 circa

167 2161 349 2200 axem
396 2140 705 2218 positione
751 2140 966 2200 datum
1014 2140 1302 2200 uniformi
1356 2161 1494 2199 cum
1543 2152 1712 2199 motu
1774 2138 2141 2210 revolvatur,
2193 2142 2600 2200 communica-

167 2238 334 2299 bitur
383 2251 588 2299 motus
640 2238 832 2299 fluido
884 2239 945 2298 in
1000 2260 1236 2299 morem
1285 2238 1553 2311 vortici5‚
1595 2238 1654 2297 8ι
1707 2251 1910 2297 motus
1964 2238 2077 2297 iste
2122 2237 2415 2316 paulatim
2464 2261 2600 2317 pro-

170 2338 498 2418 pagabitur
528 2337 589 2397 in
621 2336 962 2410 infinitum;
1009 2358 1213 2416 neque
1244 2337 1412 2415 prius
1444 2336 1710 2396 cessabit
1740 2337 1799 2394 in
1841 2335 2096 2416 singulis
2128 2336 2295 2395 fluidi
2329 2338 2603 2415 partibus

169 2433 509 2506 accelerari,
571 2456 758 2514 quam
832 2447 1115 2513 tempora
1187 2434 1499 2513 periodica
1571 2431 1949 2513 singularum
2023 2434 2286 2512 partium
2358 2435 2481 2493 sint
2537 2447 2605 2494 ut

174 2532 476 2613 quadrata
505 2532 936 2592 distantiarum
967 2554 1005 2592 a
1034 2544 1247 2592 centro
1277 2530 1462 2612 globi.

287 2632 484 2692 Corol.
523 2651 574 2708 3.
627 2630 941 2708 Quoniam
993 2630 1245 2691 vorticis
1298 2643 1505 2708 partes
1561 2629 1878 2705 interiores
1937 2630 2017 2689 ob
2077 2630 2371 2709 majorem
2430 2650 2603 2688 suam

170 2727 562 2791 velocitatem
605 2741 879 2813 atterunt
910 2729 970 2789 &
1000 2742 1224 2810 urgent
1267 2729 1618 2798 exterioreS,
1653 2740 2016 2805 motumque
2061 2727 2207 2805 ipsis
2252 2749 2326 2786 ea
2369 2727 2607 2786 actione

172 2839 473 2907 perpetuo
517 2828 993 2901 communicant,
1028 2827 1087 2888 ἃ
1118 2828 1455 2888 exteriores
1503 2825 1584 2885 illi
1630 2825 1893 2885 eandem
1947 2837 2149 2884 motus
2203 2825 2608 2903 quantitatem

24 2915 75 2993 :³2
136 2925 232 2986 ·in
290 2924 443 2987 alios
500 2925 703 2986 adhuc
750 2926 1088 2986 exteriores
1147 2924 1326 2985 simul
1374 2923 1762 2992 transferunt,
1817 2943 2015 3000 eaque
2068 2922 2308 2981 actione
2358 2934 2607 2981 servant

64 3012 81 3028 '⁷
123 3038 126 3044 '
174 3026 582 3106 quantitatem
614 3038 819 3087 motus
850 3026 944 3085 sui
976 3024 1158 3104 plane
1203 3025 1570 3084 invariatam
1599 3047 1609 3094 ;
1656 3034 1829 3100 patet
1873 3021 2041 3100 quod
2075 3033 2278 3080 motus
2309 3033 2609 3098 perpetuo

174 3122 536 3183 transfertur
584 3144 623 3182 a
673 3135 885 3183 centro
937 3123 1016 3182 ad
1062 3120 1616 3181 circumferentiam
1662 3118 1927 3187 vorticis
1974 3117 2034 3176 ἃ
2085 3138 2196 3195 per
2247 3116 2607 3175 infinitatem

174 3218 679 3279 circumferentiae
724 3219 1104 3279 absorbetur.
1230 3217 1499 3276 Materia
1552 3216 1712 3274 inter
1770 3214 2100 3292 sphaericas
2153 3213 2307 3272 duas
2360 3212 2608 3291 quasvis

175 3316 528 3395 superficies
605 3317 824 3377 vortici
898 3315 1316 3376 concentricas
1390 3333 1707 3391 nunquam
1781 3309 2231 3381 accelerabitur‚
2294 3331 2369 3368 eo
2442 3307 2606 3386 quod

175 3425 412 3474 motum
469 3434 719 3474 omnem
778 3434 816 3472 a
873 3413 1131 3473 materia
1189 3412 1479 3471 interiore
1537 3421 1860 3487 acceptum
1913 3408 2202 3468 transfert
2252 3427 2496 3483 semper
2547 3406 2603 3463 in

68 3504 90 3588 ᾗ
178 3510 564 3572 exteriorem.

294 3607 491 3668 Corol.
526 3627 583 3683 4.
637 3607 905 3668 Proinde
935 3607 1015 3666 ad
1047 3606 1582 3668 conservationem
1627 3603 1876 3664 vorticis
1918 3613 2269 3661 constanter
2298 3596 2607 3657 in‘eodem

11 3707 18 3711 ’
82 3703 108 3784 '3
179 3703 472 3770 movendi
516 3715 701 3777 statu,
748 3702 1077 3782 requiritur
1119 3702 1485 3780 principium
1531 3699 1781 3779 aliquod
1827 3698 2110 3765 activum,
2143 3717 2180 3754 a
2223 3715 2346 3772 quo
2387 3691 2608 3772 globus

181 3799 444 3860 eandem
517 3821 764 3879 semper
835 3799 1244 3879 quantitatem
1318 3810 1522 3858 motus
1595 3795 1866 3873 accipiat,
1929 3813 2112 3871 quam
2187 3789 2476 3867 imprimit
2548 3789 2607 3846 in
