2846 4250
1154 109 1393 159 LIBER
1432 107 1769 162 TERTIUS.
2560 102 2641 177 48
2647 119 2682 178 3

245 302 363 343 suo
418 275 766 341 conficiens,
859 273 994 345 ,Ex
1065 293 1142 333 eo
1213 283 1496 350 tempore
1568 281 1773 330 motus
1845 267 1979 348 ejus
2050 266 2307 326 diurnus
2379 275 2682 344 perpetuo

246 378 594 461 augebatur
631 386 833 453 usque
875 371 956 431 ad
1003 371 1164 449 Sept.
1198 389 1255 446 4,
1288 367 1541 449 quando
1584 366 1786 427 evasit
1827 363 2134 445 graduum
2179 362 2355 442 quasi
2385 362 2676 441 quinque.

252 478 454 560 Igitur
479 485 613 535 toto
642 471 762 532 hoc
790 481 1074 549 tempore
1102 478 1347 528 cometa
1375 465 1457 525 ad
1486 477 1715 525 terram
1757 460 2311 541 appropinquabat.
2407 460 2483 519 Id
2514 459 2684 538 quod

248 575 438 637 etiam
495 594 576 634 ex
621 569 927 631 diametro
970 565 1188 646 capitis
1232 564 1625 625 micrometro
1670 571 2026 621 mensurata
2068 556 2412 638 colligitur:
2458 558 2690 636 quippe

249 699 438 760 quam
483 674 781 738 Hevelz'us
826 668 1056 748 reperit
1103 666 1172 726 A
1181 685 1278 746 ug.
1315 670 1353 724 6
1401 685 1541 725 esse
1586 674 1828 722 tantum
1877 658 1936 719 6'
1988 656 2065 736 5''
2111 655 2344 717 inclusa
2389 676 2580 727 coma,
2626 667 2692 715 at

249 780 409 858 Sept.
446 796 477 836 2
526 793 665 835 esse
710 768 770 847 9'
811 765 903 846 7''.
997 765 1204 845 Caput
1243 763 1430 844 igitur
1480 761 1653 821 initio
1697 758 1883 840 longe
1927 757 2130 816 minus
2173 753 2461 834 apparuit
2503 773 2690 832 quam

249 878 312 939 in
357 875 481 936 fine
531 883 754 941 motuS,
800 879 866 927 at
909 865 1084 926 initio
1127 875 1338 923 tamen
1384 861 1446 921 in
1489 859 1715 920 vicinia
1756 855 1904 918 solis
1948 854 2134 935 longe
2178 851 2440 912 lucidius
2485 851 2694 911 extitit

253 996 445 1058 quam
514 971 678 1033 circa
745 966 949 1037 finem,
1009 975 1080 1024 ut
1136 960 1323 1023 refert
1381 959 1548 1020 idem
1607 957 1916 1018 Hevelz‘uS.
2059 951 2327 1013 Proinde
2385 963 2518 1011 toto
2576 945 2694 1010 hoc

250 1090 547 1155 tempore,
601 1069 684 1131 ob
741 1084 1054 1127 recessum
1113 1061 1306 1142 ipsius
1363 1081 1402 1119 a
1458 1056 1605 1130 sole,
1666 1054 1875 1136 quoad
1946 1052 2156 1113 lumen
2215 1051 2505 1122 decrevit,
2568 1070 2692 1110 non

251 1177 542 1239 obstante
571 1188 823 1231 accessu
854 1165 935 1226 ad
966 1176 1209 1224 terram.
1304 1159 1568 1220 Cometa
1596 1156 1742 1217 anni
1782 1156 1937 1214 1618
1970 1153 2130 1213 circa
2159 1152 2433 1212 medium
2463 1150 2694 1210 mensis

252 1270 599 1336 Decembris
645 1268 708 1329 δε
762 1265 882 1326 iste
931 1262 1078 1323 anni
1131 1261 1289 1320 1680
1332 1257 1492 1318 circa
1535 1255 1724 1315 finem
1768 1250 2049 1333 ejusdem
2094 1250 2325 1310 mensis
2377 1248 2695 1309 celerrime

254 1374 684 1444 movebantur,
746 1367 1013 1445 ideoque
1070 1374 1218 1422 tunc
1275 1354 1452 1420 erant
1524 1356 1586 1415 in
1660 1352 1964 1433 perigaeiS.
2100 1350 2338 1410 Verum
2403 1347 2699 1429 splendor

253 1473 563 1536 maximus
621 1467 893 1547 capitum
951 1459 1214 1540 contigit
1269 1469 1416 1517 ante
1474 1455 1630 1514 duas
1687 1452 1817 1512 fere
1874 1449 2272 1528 septimanaS,
2333 1448 2437 1507 ubi
2511 1448 2699 1508 modo

255 1574 536 1637 exierant
580 1569 662 1629 de
709 1564 896 1627 radiis
943 1558 1280 1630 solaribus-,3
1327 1554 1388 1615 &
1434 1551 1729 1633 splendor
1775 1549 2082 1608 maximus
2130 1546 2464 1607 caudarum
2516 1545 2701 1625 paulo

257 1683 403 1733 ante
433 1669 494 1729 in
526 1666 759 1747 majore
788 1658 1105 1722 vicinitate
1149 1654 1310 1717 solis,
1403 1652 1612 1731 Caput
1640 1659 1900 1710 cometae
1930 1646 2165 1726 prioriS,
2190 1647 2371 1727 juxta
2410 1645 2699 1705 observa-

257 1771 459 1832 tiones
497 1763 720 1846 Cysatz‘,
753 1758 1018 1821 Decemb.
1063 1777 1084 1816 1
1139 1754 1338 1835 majus
1382 1750 1713 1811 videbatur
1755 1742 1947 1806 stellis
1978 1744 2196 1824 primae
2234 1741 2695 1823 magnitudinis,

260 1869 322 1931 &
389 1864 657 1928 Decemb.
730 1866 802 1922 16
880 1857 1036 1940 (jam
1109 1854 1171 1914 in
1244 1850 1520 1931 perigaeo
1591 1842 1890 1925 existens)
1967 1841 2395 1923 magnitudine
2467 1861 2700 1919 parum,

258 1965 592 2048 splendore
621 1984 731 2023 seu
768 1957 1044 2020 claritate
1073 1950 1321 2013 luminis
1352 1947 1684 2029 plurimum
1715 1943 2040 2004 defecerat.
2134 1940 2298 2016 Jan.
2334 1957 2365 2016 7
2398 1939 2478 1998 K
2473 1940 2705 2018 eplerus

260 2067 342 2127 de
392 2063 594 2143 capite
647 2061 915 2120 incertus
960 2053 1148 2113 finem
1198 2050 1345 2111 fecit
1384 2042 1773 2109 observandi.
1870 2041 1991 2101 Die
2046 2060 2112 2099 12
2164 2038 2392 2099 mensis
2437 2038 2699 2098 Decemb.

261 2172 661 2242 conspectum
694 2156 755 2218 &
783 2177 821 2215 a
849 2149 1222 2214 Flamstedz'o
1251 2147 1652 2209 observatum
1697 2153 1792 2201 est
1837 2151 2022 2218 caput
2057 2150 2314 2198 cometae
2346 2136 2705 2216 posterioris

262 2262 324 2323 in
356 2257 650 2321 distantia
679 2273 907 2315 novem
937 2249 1244 2332 graduum
1275 2266 1314 2305 a
1343 2241 1507 2314 sole;
1555 2241 1617 2300 id
1663 2237 1832 2319 quod
1877 2235 2072 2297 stellae
2104 2236 2300 2296 tertiae
2332 2234 2703 2315 magnitudi-

263 2360 359 2420 nis
388 2357 497 2418 vix
527 2371 891 2416 concessum
919 2348 1153 2408 fuisset.
1272 2341 1539 2404 Decemb.
1589 2356 1656 2416 15
1694 2337 1753 2397 &
1793 2354 1864 2413 17
1896 2335 2182 2415 apparuit
2213 2333 2380 2394 idem
2416 2346 2485 2392 ut
2528 2330 2706 2392 stella

265 2458 464 2520 tertiae
495 2449 956 2535 magnitudiniS,
989 2446 1364 2507 diminutum
1395 2441 1611 2519 utique
1655 2435 1987 2516 splendore
2019 2433 2273 2493 nubium
2296 2432 2479 2512 juxta
2509 2429 2704 2490 solem

265 2556 667 2620 occidentem.
785 2547 1052 2609 Decemb.
1120 2549 1197 2604 26
1256 2539 1650 2603 velocissime
1716 2547 1936 2604 motuS,
2000 2532 2185 2610 inque
2243 2528 2518 2609 perigaeo
2563 2548 2702 2606 pro-

264 2654 604 2737 pemodum
662 2649 952 2717 existenS,
1007 2643 1270 2705 cedebat
1319 2639 1412 2701 ori
1469 2635 1700 2717 pegasi,
1755 2630 1950 2692 stellae
1995 2630 2193 2690 tertiae
2239 2625 2702 2707 magnitudinis,

270 2755 434 2831 Jan.
473 2771 506 2830 3
561 2747 903 2830 apparebat
953 2756 1022 2804 ut
1071 2738 1251 2802 stella
1301 2749 1555 2818 quartae,
1592 2733 1753 2808 Jan.
1804 2750 1841 2805 9
1894 2742 1962 2788 ut
2013 2724 2191 2787 stella
2242 2724 2494 2804 quintae,
2545 2722 2704 2797 Jan.

277 2872 348 2929 13
381 2850 463 2912 ob
493 2846 889 2928 splendorem
918 2841 1083 2901 lunae
1128 2835 1460 2899 crescentis
1505 2829 1821 2911 disparuit.
1945 2826 2107 2901 Jan.
2148 2844 2177 2883 2
2191 2840 2220 2900 5
2269 2822 2376 2882 vix
2422 2819 2711 2899 aequabat

268 2947 478 3011 stellas
509 2941 952 3027 magnitudinis
983 2938 1281 3018 septimae.
1400 2933 1470 2994 Si
1515 2941 1838 2991 sumantur
1881 2922 2142 3004 aequalia
2186 2942 2223 2980 a
2266 2919 2539 2999 perigaeo
2570 2916 2711 2975 hinc

270 3048 417 3110 inde
458 3058 757 3124 tempora,
803 3039 1007 3119 capita
1049 3058 1191 3116 quae
1236 3031 1620 3112 temporibus
1673 3026 1788 3087 illis
1842 3026 1901 3085 in
1955 3019 2309 3102 longinquis
2357 3015 2710 3097 regionibus

271 3146 490 3227 posita,
522 3142 604 3204 ob
648 3137 920 3220 aequales
964 3158 1003 3196 a
1045 3148 1207 3195 terra
1252 3128 1598 3202 distantias,
1630 3122 1951 3204 aequaliter
1993 3119 2197 3179 lucere
2241 3115 2615 3180 debuissent,
2650 3111 2709 3170 in

273 3242 459 3324 plaga
509 3237 655 3300 solis
708 3236 976 3296 maxime
1027 3231 1415 3312 splenduere,
1470 3248 1550 3287 ex
1607 3222 1803 3283 altera
1854 3217 2107 3300 perigaei
2161 3227 2336 3294 parte
2385 3230 2707 3272 evanuere.

280 3342 478 3423 Igitur
507 3360 586 3399 ex
617 3355 844 3417 magna
886 3332 1038 3392 lucis
1084 3331 1145 3390 in
1189 3341 1454 3405 utroque
1498 3323 1618 3383 situ
1664 3318 2011 3390 differentia
2062 3312 2444 3375 concluditur
2487 3327 2714 3386 magna

276 3438 424 3500 solis
457 3437 518 3498 &
547 3447 806 3496 cometae
837 3430 1119 3491 vicinitas
1151 3428 1212 3487 in
1236 3426 1358 3485 situ
1390 3423 1609 3503 priore.
1693 3419 1861 3478 Nam
1885 3414 1990 3474 lux
2015 3423 2392 3473 cometarum
2417 3403 2713 3485 regularis

278 3557 417 3596 esse
460 3532 619 3595 solet
649 3531 709 3591 &
741 3529 1011 3590 maxima
1039 3544 1354 3606 apparere,
1386 3521 1491 3580 ubi
1523 3518 1725 3597 capita
1755 3511 2140 3575 velocissime
2171 3517 2499 3567 moventur
2527 3514 2714 3579 atque

279 3633 422 3694 ideo
451 3644 596 3692 sunt
626 3630 687 3690 in
718 3626 1039 3708 perigaeis;
1085 3623 1203 3684 nisi
1247 3632 1553 3701 quatenus
1584 3638 1660 3677 ea
1689 3614 1886 3694 major
1914 3623 2010 3670 est
2040 3609 2100 3667 in
2132 3599 2547 3666 vicinia'soliS.
