2846 4224
1038 111 1276 160 LIBER
1310 107 1620 164 PRIMUS.
2468 130 2505 184 6
2512 145 2546 202 3

0 343 20 361 ᾖ
229 276 426 344 Corol.
462 299 518 356 9.
572 275 764 339 Unde
806 291 948 336 cum
987 272 1124 356 (per
1151 270 1334 334 corol.
1374 268 1429 334 6.
1463 295 1638 355 prop.
1689 275 1796 358 1v.)
1845 274 2139 339 velocitas
2181 286 2458 362 gyrantis
2489 288 2550 347 in

111 381 229 443 hoc
258 377 483 441 circulo
512 376 593 438 sit
616 375 701 436 'ad
731 371 1126 436 velocitatem
1154 371 1435 452 gyrantis
1467 372 1528 432 in
1573 372 1800 435 circulo
1844 375 2066 454 quovis
2096 375 2216 438 alio
2245 379 2554 461 reciproce

4 460 16 485 ἰ
112 481 174 542 in
203 474 636 557 subduplicata
685 472 923 534 ratione
965 469 1434 543 distantiarum;
1480 470 1588 532 fiet
1631 493 1710 532 ex
1741 493 1924 552 aequo
1953 472 2248 535 velocitas
2277 481 2555 557 gyrantis

113 579 175 640 in
206 577 420 639 conica
462 566 736 636 sectione
779 570 861 631 ad
905 561 1300 630 velocitatem
1342 568 1623 649 gyrantis
1670 569 1731 630 in
1777 568 2002 631 circulo
2047 571 2109 631 in
2152 564 2373 634 eadem
2430 576 2553 636 dis-

110 676 324 750 tantia,
384 686 454 734 ut
504 671 712 734 media
767 665 1245 750 proportionalis
1306 666 1468 727 inter
1524 668 1882 729 distantiam
1942 667 2107 729 illam
2165 691 2556 734 communem

113 774 175 836 &
224 773 547 835 semissem
598 765 951 849 principalis
996 764 1206 827 lateris
1251 766 1400 826 recti
1452 766 1758 839 sectioniS‚
1791 767 1871 827 ad
1923 759 2429 847 perpendiculum
2477 772 2557 831 ab

110 870 402 934 'umbilico
433 866 745 931 communi
777 866 839 927 in
869 876 1232 947 tangentem
1263 863 1554 926 sectionis
1584 865 1943 927 demissum.

399 1165 1031 1231 PROPoslTlo
1109 1166 1367 1228 XVII.
1491 1151 2271 1237 PROBLEMAgIX.

26 1422 29 1425 y
111 1336 319 1399 Posito
366 1335 531 1417 quod
575 1334 667 1395 vis
715 1332 1046 1414 centrz'peta
1098 1333 1184 1394 sit
1232 1332 1521 1412 reciproce
1550 1333 2044 1413 proportionalis
2083 1335 2388 1414 quadrato
2436 1336 2555 1398 dis-

193 1448 411 1510 tantz'ae
457 1448 722 1508 locorum
767 1468 809 1506 a
859 1453 1078 1522 centro,
1115 1446 1197 1510 &³
1244 1443 1412 1525 quod
1446 1444 1539 1505 vz's
1580 1444 1758 1507 illius
1798 1447 2118 1526 quantitas
2158 1448 2434 1509 absoluta
2477 1450 2562 1510 sz't

191 1561 429 1642 cognita
446 1586 472 1631 ,·
515 1560 869 1640 requiritur
911 1559 1090 1631 linea,
1143 1578 1330 1637 quam
1379 1563 1595 1635 corpus
1639 1556 1918 1618 describit
1959 1558 2032 1619 de
2079 1561 2198 1621 loco
2240 1561 2381 1622 dato
2423 1583 2559 1622 cum

186 1675 336 1736 data
365 1674 667 1761 velocitate
689 1673 1014 1735 secundum
1041 1671 1253 1732 datam
1283 1678 1507 1730 rectam
1535 1670 1852 1751 egrediens,
2520 1657 2523 1660 ⁴

222 1840 339 1901 Vis
397 1839 739 1920 centripeta
795 1839 1060 1901 tendens
1111 1836 1193 1897 ad
1240 1850 1540 1916 punctum
1589 1836 1646 1896 S
1692 1858 1768 1898 ea
1814 1837 1910 1909 sit,
1964 1859 2089 1918 qua
2139 1859 2363 1918 corpus
2393 1848 2447 1919 p
2496 1841 2557 1900 in

108 1938 308 2000 orbita
379 1938 601 2018 quavis
671 1937 820 1999 data
861 1946 915 2018 p
957 1959 997 2017 q
1066 1947 1337 2017 gyretur‚
1409 1934 1471 1995 &
1541 1949 1952 2016 cognoscatur
2022 1937 2204 2018 hujus
2263 1937 2559 2000 velocitas

109 2037 172 2099 in
243 2035 380 2098 loco
435 2043 507 2117 p.
634 2037 737 2097 De
807 2035 945 2098 loco
1002 2036 1065 2095 P
1114 2033 1457 2095 secundum
1516 2032 1742 2095 lineam
1799 2036 1947 2096 PR
1989 2048 2174 2096 exeat
2223 2058 2446 2117 corpus
2495 2038 2560 2097 P

108 2153 249 2198 cum
299 2136 447 2197 data
496 2133 840 2207 velocitate,
903 2134 963 2195 81
1010 2154 1157 2193 mox
1216 2132 1376 2203 inde,
1423 2145 1687 2213 cogente
1745 2134 1808 2194 vi
1861 2134 2216 2214 centripeta,
2269 2136 2560 2198 deflectat

109 2235 258 2297 illud
290 2236 351 2295 in
396 2234 533 2296 coni
578 2235 841 2295 section-

107 2356 209 2396 em
231 2333 371 2408 PQ.
452 2332 639 2392 Hanc
660 2332 848 2414 igitur
1082 2339 1128 2384 P

107 2443 276 2492 recta
313 2431 460 2490 PR
511 2442 730 2511 tanget
782 2431 842 2490 in

107 2530 186 2590 P.
320 2529 574 2609 Tangat
627 2527 843 2588 itidem
900 2334 1232 2600 s

109 2638 275 2688 recta
313 2624 520 2706 aliqua
533 2633 587 2706 p
608 2647 650 2685 r
681 2625 843 2686 orbi-

108 2736 237 2784 tam
266 2732 377 2805 pq
435 2725 496 2784 in
539 2731 609 2803 p,
672 2722 733 2783 &
791 2723 843 2783 si

108 2822 190 2883 ab
219 2822 276 2883 S
304 2822 385 2882 ad
429 2843 536 2883 eas
581 2833 841 2902 tangen-

110 2930 204 2980 tes
226 2919 467 2981 demitti
492 2917 839 3001 intelligan-

109 3028 210 3079 tur
236 3015 694 3098 perpendicula‚
726 3018 843 3078 erit

113 3114 249 3198 (per
303 3115 485 3178 corol.
558 3137 604 3178 1.
666 3137 839 3196 prop.

59 3254 63 3257 -
110 3212 262 3296 XVI.)
350 3212 510 3275 latus
606 3227 843 3274 rectum
2295 3230 2302 3236 “

110 3311 444 3392 principale
487 3313 624 3374 coni
662 3313 840 3374 secti·
1366 3118 2437 3399 Q

110 3409 245 3471 onis
288 3410 368 3470 ad
397 3409 558 3471 latus
603 3422 840 3471 rectum

109 3505 441 3587 principale
474 3507 692 3569 orbitae
740 3508 802 3568 in
849 3508 1087 3569 ratione
1134 3508 1479 3588 composita
1524 3529 1605 3570 ex
1650 3506 1962 3588 duplicata
2011 3508 2248 3569 ratione
2294 3528 2553 3587 perpen-

110 3603 449 3667 diculorum
508 3605 569 3667 &
614 3604 926 3686 duplicata
977 3607 1215 3669 ratione
1261 3606 1675 3679 velocitatum,
1724 3619 1913 3687 atque
1953 3607 2094 3668 ideo
2144 3607 2340 3667 datur.
2458 3606 2557 3666 Sit

110 3702 172 3763 L
203 3703 340 3765 coni
370 3704 658 3766 sectionis
686 3702 848 3764 latus
879 3717 1131 3766 rectum.
1227 3705 1432 3765 Datur
1459 3718 1762 3785 praeterea
1790 3705 2069 3787 ejusdem
2100 3705 2236 3766 coni
2267 3703 2553 3765 sectionis

113 3799 434 3862 umbilicus
492 3803 559 3864 S.
676 3801 914 3885 Anguli
980 3803 1047 3862 R
1061 3804 1198 3863 PS
1250 3802 1773 3884 complementum
1832 3803 1912 3879 ad
1971 3802 2130 3862 duos
2189 3804 2387 3861 rectos
2446 3800 2553 3859 fiat
