2846 4250
46 147 175 224 ,536

50 310 288 359 Pulsuum
324 301 466 363 aeriS,
501 295 684 369 quibus
719 293 831 346 Soni
867 286 1237 366 propagantur,
1250 288 1333 338 de-

182 371 509 425 terminantur
566 365 828 417 intervalla
898 378 986 412 seu
1042 357 1333 409 latitudines

185 444 256 503 ΙΙ,
286 454 387 504 5ο·.
417 451 533 502 373,
561 452 642 500 32.

117 513 249 561 Haec
303 506 563 557 intervalla
619 520 672 552 in
727 508 1011 566 apertarum
1057 469 1333 545 fistularum

182 576 317 628 sonis
354 572 541 639 aequari
577 569 743 636 duplis
779 563 1177 632 longitudinibus
1201 563 1335 612 fistu—

185 648 343 696 larum
367 639 650 694 verosimile
675 647 752 690 est
776 651 892 701 374,
921 652 966 699 3.

48 873 362 962 Quadratura
385 889 629 958 generalis
655 886 876 939 ovalium
901 883 1008 935 dari
1032 900 1139 934 non
1162 890 1334 947 potest

178 981 268 1030 per
290 961 458 1012 finitos
477 957 717 1010 terminos
743 958 785 1019 I,
812 957 927 1032 lem.
960 955 1038 1030 28,
1065 969 1114 1017 p.
1149 953 1257 1000 106.

43 1034 321 1099 Qualitates
354 1044 620 1094 corporum
655 1042 755 1090 qua
785 1034 980 1074 ratione
1005 1027 1332 1071 innotescunt

179 1106 224 1153 &
249 1098 579 1150 admittuntur
604 1098 719 1160 387,
753 1096 828 1143 16.

44 1171 200 1235 Quies
223 1186 341 1221 vera
364 1171 410 1219 &
435 1166 640 1216 relativa
664 1181 711 1229 p.
744 1177 787 1226 7,
817 1165 863 1222 8,
893 1178 938 1224 9,
972 1177 1046 1210 10.

659 1304 709 1352 R

48 1397 365 1451 Resistentiae
390 1394 642 1461 quantitas

113 1469 165 1519 in
188 1466 367 1518 mediis
392 1482 496 1516 non
521 1461 773 1514 continuis
800 1462 872 1521 ΙΙ,
901 1474 981 1525 35.

114 1538 164 1587 in
188 1536 367 1587 mediis
394 1532 646 1585 continuis
673 1533 745 1594 II,
774 1533 853 1595 38.

111 1607 163 1656 in
188 1604 366 1656 mediis
391 1605 736 1667 cujuscunque
761 1597 969 1664 generis,
999 1611 1114 1661 327,
1145 1610 1189 1659 7.

45 1674 459 1727 Resistentiarum
484 1670 677 1722 theoria
701 1670 1023 1720 confirmatur

112 1761 201 1810 per
248 1741 588 1807 experimenta
634 1739 969 1804 pendulorum
1014 1737 1085 1796 II,
1139 1751 1220 1799 30,
1262 1751 1322 1799 31
1362 1812 1371 1822 .

181 1814 281 1863 sch.
309 1828 421 1876 gen.
449 1827 496 1874 p.
526 1823 640 1872 307.

110 1899 200 1948 per
235 1878 577 1945 experimenta
612 1891 877 1941 corporum
916 1871 1206 1923 cadentium
1251 1874 1324 1934 II,

180 1949 271 2013 40:
309 1949 409 1998 sch.
438 1965 486 2013 p.
516 1948 632 2010 346.

42 2017 348 2070 Resistentia
370 2015 652 2066 mediorum

110 2098 185 2139 est
218 2096 274 2138 ut
309 2085 585 2137 eorundem
618 2081 840 2134 densitas
883 2079 1078 2131 caeteris
1119 2079 1325 2145 paribus

176 2173 291 2226 314,
355 2172 452 2219 192
513 2167 628 2218 315,
691 2154 783 2201 26:
844 2153 915 2213 ΙΙ,
961 2167 1041 2214 33,
1094 2164 1176 2214 35,
1228 2152 1324 2214 382

108 2239 540 2357 est3i5n5'diziglicata
574 2290 768 2340 ratione
808 2287 1090 2340 velocitatis
1126 2305 1326 2353 corpor-

173 2380 257 2412 um
317 2361 498 2427 quibus
562 2359 805 2411 resistitur
868 2357 1061 2408 caeteris
1121 2357 1326 2422 paribus

177 2429 1274 2510 239‚3=308‚9=J1‚332352332351‚8·

106 2511 181 2552 est
204 2518 256 2550 in
281 2502 536 2565 duplicata
558 2507 751 2548 ratione
789 2498 1020 2546 diametri
1055 2513 1325 2561 corporum

172 2569 527 2634 sphaericorum
587 2566 769 2632 quibus
828 2565 1073 2616 resistitur
1130 2565 1325 2615 caeteris
1404 2611 1409 2615 .

172 2638 375 2704 paribus
413 2655 527 2702 311,
570 2654 666 2686 22:
717 2653 813 2700 312
860 2636 1205 2700 antepenult.:
1250 2637 1322 2697 II,

148 2725 252 2784 θ33,
282 2722 361 2784 35,
390 2710 489 2783 38.:
527 2707 628 2755 sch.
658 2722 706 2770 p.
736 2707 850 2782 346.
1129 2772 1138 2781 ·

39 2779 345 2827 Resistentia
385 2776 653 2825 fluidorum
695 2775 875 2839 triplex
918 2782 1028 2835 est3
1066 2782 1323 2837 oriturque

172 2846 253 2895 vel
301 2846 366 2895 ab
414 2843 591 2894 inertia
637 2842 859 2893 materiae
918 2841 1103 2904 fluidae,
1153 2843 1235 2892 vel
1295 2860 1326 2892 a

176 2913 445 2964 tenacitate
482 2911 701 2978 partium
741 2914 864 2976 ejus,
905 2913 987 2961 vel
1029 2928 1061 2960 a
1092 2910 1324 2962 frictione

178 2998 290 3045 274,
342 3000 387 3046 3.
493 2980 801 3031 Resistentia
849 2998 964 3045 quae
1013 2980 1225 3030 sentitur
1272 2981 1323 3030 in

173 3051 338 3101 fluidis
376 3052 477 3101 fere
518 3059 627 3100 tota
664 3059 739 3101 est
787 3049 933 3114 primi
969 3049 1165 3115 generis
1206 3065 1322 3115 354,

175 3137 255 3184 32,
282 3122 329 3170 &
353 3118 511 3168 minui
535 3136 639 3168 non
667 3128 837 3183 potest
870 3135 961 3183 per
997 3118 1325 3169 subtilitatem

176 3188 392 3253 partium
416 3187 558 3237 fluidi
582 3196 821 3237 manente
841 3188 1092 3237 densitate
1118 3190 1234 3252 356,
1263 3191 1308 3239 8.

40 3256 360 3309 Resistentiae
419 3256 558 3321 globi
604 3257 671 3306 ad
718 3255 1053 3306 resistentiam
1114 3256 1326 3321 cylindri

174 3324 433 3391 proportio
481 3324 532 3374 in
582 3324 761 3374 mediis
798 3341 903 3374 non
952 3324 1205 3375 continuis
1251 3328 1324 3387 ΙΙ,

177 3412 256 3458 34.
359 3396 423 3443 In
482 3393 664 3444 mediis
723 3393 1024 3458 compressis
1094 3412 1143 3459 p.
1208 3412 1323 3458 341,

174 3465 343 3514 lemm.
374 3477 417 3526 7.

41 3531 347 3582 Resistentia
370 3530 509 3596 globi
532 3530 585 3581 in
611 3530 790 3581 mediis
820 3547 925 3581 non
960 3530 1212 3582 continuis
1251 3534 1323 3594 ΙΙ,

179 3615 258 3665 35.
333 3603 394 3650 In
420 3599 601 3651 mediis
629 3599 930 3665 compressis
969 3602 1041 3661 II,
1071 3603 1151 3664 38.
1225 3603 1327 3651 Sed

177 3670 437 3733 quomodo
485 3686 575 3734 per
623 3668 966 3741 experimenta
1020 3668 1328 3720 invenienda

176 3747 252 3799 sit,
278 3755 419 3803 prop.
449 3755 528 3799 40.

43 3805 362 3869 Resistentia,
407 3824 560 3871 quam
607 3806 794 3871 patitur
841 3825 871 3856 a
912 3807 1069 3857 fluido
1117 3808 1326 3858 frustum

178 3874 426 3936 conicum,
471 3892 572 3940 qua
606 3875 804 3926 ratione
837 3877 925 3926 fiat
961 3875 1172 3926 minima
1209 3894 1326 3941 323,

181 3945 487 4007 antepenult.

42 4011 362 4062 Resistentiae
386 4011 606 4062 minimae
633 4012 850 4062 solidum
877 4031 991 4078 324,
1019 4015 1207 4079 penult.

1070 121 1335 175 Juvzzfiur
1373 117 1675 190 Jefiueczoea

1431 350 1668 404 Satellitis

1499 419 1712 488 Jovialis
1737 419 1910 471 extimi
1934 419 2191 486 elongatio
2228 418 2448 470 maxima
2478 416 2732 470 heliocen-

1572 489 1697 540 trica
1720 506 1753 539 a
1776 498 1953 540 centro
1975 489 2121 555 Jovis
2146 507 2262 553 404,
2290 489 2378 538 ult.

1501 559 1794 622 Hagen'iani
1822 558 2079 623 elongatio
2114 557 2337 609 maxima
2370 553 2733 607 heliocentrica

1572 644 1603 676 a
1627 636 1804 678 centro
1829 627 2030 679 Saturni
2055 642 2172 693 405,
2206 645 2247 678 1.

1433 695 1716 747 Satellitum

1501 764 1775 831 Jovialium
1812 774 2044 831 tempora
2067 763 2326 831 periodica
2350 766 2397 815 &
2421 760 2677 814 distantiae
2701 777 2733 811 a

1571 843 1748 885 centro
1772 834 1916 899 Jovis
1942 853 2059 900 390,
2093 852 2168 885 12.

1501 903 1847 954 Saturniorum
1873 913 2104 969 tempora
2127 902 2388 970 periodica
2411 904 2458 952 δι
2477 898 2732 951 distantiae

1570 989 1602 1022 a
1626 981 1802 1023 centro
1828 973 2027 1023 Saturni
2053 991 2171 1038 391,
2195 974 2284 1024 ult.
2313 988 2428 1037 392,
2462 988 2505 1021 1.

1499 1040 1774 1106 Jovialium
1798 1044 1845 1092 &
1871 1042 2216 1093 Saturniorum
2251 1040 2529 1105 inaequales
2563 1045 2733 1088 motus

1571 1126 1603 1159 a
1627 1109 1851 1160 motibus
1876 1112 2010 1161 lunae
2035 1110 2249 1162 derivari
2274 1126 2426 1177 posse
2451 1105 2735 1160 ostenditur

1572 1180 1676 1240 III,
1709 1196 1787 1243 23.

1432 1246 1634 1298 Saturni

1501 1326 1702 1381 tempus
1727 1316 2042 1382 periodicum
2068 1335 2186 1383 393,
2220 1320 2294 1367 18.

1501 1385 1742 1436 distantia
1765 1403 1796 1435 a
1821 1387 1939 1437 Sole
1964 1404 2082 1452 393,
2113 1394 2191 1437 21.

1502 1455 1749 1506 diameter
1772 1472 2024 1520 apparens
2050 1474 2167 1521 392,
2202 1473 2277 1521 19.

1500 1524 1748 1575 diameter
1771 1542 1890 1575 vera
1914 1540 2031 1591 405,
2063 1543 2139 1575 22.

1499 1593 1575 1643 vis
1600 1593 1864 1644 attractiva
1889 1604 2081 1659 quanta
2105 1593 2169 1645 sit
2195 1608 2312 1660 405,
2340 1611 2385 1656 4.

1499 1664 1700 1728 pondus
1743 1680 2012 1730 corporum
2046 1663 2099 1714 in
2136 1665 2246 1728 ejus
2286 1661 2550 1730 superficie
2594 1675 2710 1726 405,

1498 1800 1722 1852 densitas
1748 1816 1867 1867 405,
1898 1819 1976 1863 24.

1497 1870 1753 1935 quantitas
1780 1871 2003 1922 materiae
2030 1886 2147 1937 405,
2182 1889 2257 1934 14.

1494 1939 1807 2005 perturbatio
1832 1957 1863 1991 a
1885 1943 2022 2006 Jove
2042 1951 2234 2007 quanta
2257 1939 2322 1992 sit
2346 1956 2462 2005 409,
2495 1953 2572 2004 25.

1496 2009 1744 2060 diameter
1797 2027 2049 2076 apparens
2120 2010 2295 2061 annuli
2355 2026 2459 2075 quo
2517 2006 2734 2074 cingitur

1567 2096 1683 2143 392,
1719 2097 1794 2143 13·

1427 2147 1690 2198 Sectiones
1739 2147 1933 2199 conicae
1982 2166 2085 2214 qua
2145 2150 2257 2214 lege
2305 2148 2381 2198 vis
2437 2145 2732 2212 centripetae

1567 2218 1823 2268 tendentis
1866 2219 1934 2268 ad
1972 2228 2218 2283 punctum
2262 2218 2608 2283 quodcunque
2648 2216 2734 2265 da-

1566 2296 1675 2337 tum
1711 2287 2068 2338 describuntur
2091 2305 2122 2338 a
2146 2287 2444 2353 corporibus
2473 2285 2733 2337 revolven-

1566 2355 1703 2406 tibus
1731 2359 1811 2422 65,
1843 2374 1922 2407 20.

1428 2425 1724 2476 Sectionum
1810 2425 2103 2477 conicarum
2169 2424 2447 2491 descriptio
2531 2432 2732 2490 geome-

1568 2505 1706 2556 trica,

1496 2564 1583 2615 ubi
1610 2564 2047 2625 dantur-umbilici
2074 2567 2116 2626 1,
2144 2574 2265 2615 sect.
2296 2581 2346 2626 4.

1495 2633 1584 2684 ubi
1633 2650 1740 2684 non
1788 2635 1974 2684 dantur
2019 2633 2248 2685 umbilici
2292 2635 2336 2695 Ι,
2377 2642 2484 2683 sect
2528 2646 2554 2697 5
2574 2649 2590 2695 3
2642 2629 2731 2681 ubi

1566 2704 1752 2753 dantur
1776 2713 1951 2754 centra
1974 2704 2056 2754 vel
2082 2702 2358 2769 asymptoti
2385 2717 2465 2767 95,
2494 2703 2576 2751 '18.

1427 2771 1796 2838 Sesquiplicata
1823 2772 1951 2824 ratio
1976 2773 2215 2823 definitur
2239 2775 2320 2837 36,
2351 2774 2396 2822 6.

1425 2843 1513 2892 Sol
1654 2854 1657 2857 ’

1495 2910 1682 2961 circum
1710 2912 2026 2977 planetarum
2065 2910 2293 2962 omnium
2329 2925 2602 2961 commune
2626 2925 2729 2974 gra-

1563 2980 1733 3030 vitatis
1758 2991 1986 3031 centrum
2012 2990 2245 3032 movetur
2270 2981 2373 3041 111,
2408 2996 2483 3028 12.

1494 3059 1697 3115 tempus
1735 3051 1845 3114 ejus
1882 3049 2200 3115 periodicum
2234 3049 2369 3098 circa
2404 3064 2553 3098 axem
2580 3063 2727 3097 suum

1567 3136 1624 3180 4¹
1644 3137 1684 3181 1,
1714 3133 1740 3184 5
1771 3137 1801 3169 a
1825 3121 1940 3169 fine.

1495 3187 1744 3239 diameter
1768 3190 1878 3253 ejus
1914 3187 2185 3239 mediocris
2222 3203 2489 3253 apparenS,
2517 3187 2634 3248 468,
2663 3201 2730 3250 3o

1564 3260 1613 3308 &
1640 3275 1721 3321 31.

1496 3326 1745 3377 diameter
1768 3344 1888 3377 vera
1914 3342 2031 3392 405,
2063 3344 2140 3376 22.

1495 3395 1764 3460 parallaxis
1789 3397 1899 3461 ejus
1924 3394 2254 3447 horizontalis
2281 3409 2396 3460 405,
2432 3408 2506 3459 15.

1495 3464 1775 3529 parallaxin
1798 3467 1955 3516 habet
1979 3474 2289 3515 menstruam
2316 3481 2432 3525 410,
2467 3464 2542 3512 16.

1496 3533 1572 3583 vis
1598 3535 1707 3598 ejus
1732 3534 1998 3585 attractiva
2022 3542 2214 3599 quanta
2238 3533 2303 3583 sit
2330 3546 2447 3597 405,
2475 3549 2522 3594 4.

1496 3604 1700 3668 pondus
1783 3620 2054 3668 corporum
2128 3603 2179 3652 in
2266 3603 2375 3667 ejus
2446 3599 2710 3666 superficie

1568 3674 1768 3748 4q5‚8-

1497 3741 1722 3791 densitas
1747 3742 1857 3806 ejus
1882 3756 1999 3806 405,
2032 3758 2109 3803 24.

1499 3809 1755 3874 quantitas
1779 3810 2003 3861 materiae
2029 3825 2145 3875 405,
2180 3827 2255 3871 14.

1498 3878 1573 3927 vis
1599 3879 1708 3942 ejus
1734 3880 1800 3928 ad
1827 3880 2198 3944 perturbandos
2235 3886 2403 3930 motus
2439 3878 2574 3928 lunae
2607 3878 2725 3941 396,

1575 3962 1669 4011 15:
1709 3950 1921 4012 III,25.

1499 4015 1573 4066 vis
1598 4017 1664 4066 ad
1690 4033 1827 4067 mare
1852 4018 2163 4068 movendum
2192 4019 2295 4078 111,
2323 4019 2403 4081 36.
