2852 4250
177 143 297 186 222
1011 120 1127 174 DE
1160 122 1399 174 MOTU
1424 118 1731 173 CORPOR
1743 121 1858 172 UM

171 293 307 356 Sed
366 291 575 354 missis
628 290 989 375 hujusmodi
1042 288 1596 373 propositionibUS,
1643 309 1844 371 pergo
1888 286 1972 349 ad
2024 284 2180 348 alias
2232 287 2542 369 quasdam
2595 289 2678 351 de

174 406 368 468 mom,
402 415 561 476 quas
593 392 877 459 nondum
909 391 1108 474 attigi.
2841 443 2852 517 l

1052 671 1490 736 SECTIO
1570 669 1805 734 XIV.

172 865 275 925 De
322 869 493 925 motu
536 868 866 942 corporum
917 855 1347 933 minimorum,
1401 878 1540 939 quae
1582 854 1826 918 viribus
1867 856 2220 938 centripetis
2265 857 2357 919 ad
2390 857 2678 941 singulas

491 974 716 1057 magni
737 973 1012 1055 alicujus
1038 971 1313 1054 corporis
1324 978 1550 1052 partes
1579 970 1969 1034 tendentibus
1996 973 2350 1055 agitantur.

313 1275 958 1342 PROPOSITIO
1039 1274 1325 1337 XCIV.
1453 1274 2076 1339 THEOREMA
2158 1278 2540 1343 XLVIII.

169 1452 254 1514 Si
292 1449 490 1514 media
532 1449 655 1515 duo
704 1446 1044 1523 similaria‚
1086 1444 1287 1528 spatio
1315 1444 1546 1527 planis
1579 1446 1923 1526 parallelis
1973 1448 2277 1532 utrinque
2325 1451 2678 1530 terminato,
2759 1500 2764 1506 .

251 1566 739 1648 distinguantur
778 1563 854 1624 ab
905 1561 1180 1638 invicem,
1219 1562 1302 1628 ὣ*
1345 1569 1569 1642 corpus
1613 1561 1689 1623 in
1742 1564 2028 1627 transitu
2069 1573 2200 1647 per
2245 1566 2353 1628 lzoc
2401 1568 2682 1649 spatium

251 1682 630 1744 attrahatur
662 1680 761 1741 vel
805 1679 1178 1760 impellatur
1202 1676 1826 1758 perpendiculariter
1866 1702 2078 1743 versus
2128 1681 2403 1744 medium
2445 1684 2680 1745 alteru-

252 1807 443 1871 trum,
476 1819 665 1879 neque
691 1797 830 1858 ulla
859 1795 994 1857 alia
1024 1794 1092 1856 vi
1115 1794 1397 1877 agitetur
1422 1793 1524 1854 vel
1546 1792 1972 1875 impediatur,·
2013 1795 2101 1857 sit
2126 1803 2335 1859 autem
2364 1799 2682 1875 attractio,

251 1915 323 1976 in
351 1913 693 1997 aequalibus
742 1912 817 1974 ab
869 1919 1132 1993 utroque
1157 1910 1362 1991 plano
1405 1908 1731 1971 distantiis
1771 1909 1865 1972 ad
1899 1910 2150 1973 eandem
2189 1911 2388 1993 ipsius
2421 1921 2682 1995 partem

250 2031 460 2113 captis,
536 2030 760 2111 ubique
829 2027 1034 2090 eadem
1053 2054 1072 2091 .·
1150 2027 1284 2089 dico
1355 2026 1527 2109 quod
1589 2025 1771 2089 sinus
1843 2025 2200 2089 incidentia·
2268 2027 2340 2089 in
2397 2029 2681 2110 planum

249 2146 637 2207 alterutrum
666 2143 792 2205 erit
818 2142 910 2205 ad
929 2143 1142 2206 sinum
1170 2142 1557 2226 emergentiae
1581 2165 1658 2206 ex
1664 2143 1870 2226 plano
1904 2143 2104 2205 altero
2134 2142 2204 2205 in
2235 2142 2483 2206 ratione
2505 2141 2676 2207 data.

140 2396 142 2398 ·
258 2375 394 2438 Cas.
440 2396 487 2438 1.
548 2374 757 2437 Sunto
800 2375 870 2437 A
900 2396 956 2448 a,
1010 2373 1135 2436 Bb
1180 2370 1372 2456 plana
1416 2371 1547 2435 duo
1591 2370 1909 2454 parallela.
2033 2372 2291 2436 Incidat
2338 2395 2570 2456 corpus
2616 2373 2679 2435 in

164 2474 423 2558 planum
465 2477 639 2558 prius
684 2475 754 2537 A
783 2498 825 2537 a
869 2475 1222 2538 secundum
1267 2472 1501 2536 lineam
1553 2475 1616 2537 G
1639 2475 1733 2549 H,
1781 2496 1855 2537 ac
1901 2485 2039 2538 toto
2082 2496 2201 2538 suo
2245 2496 2362 2557 per
2404 2475 2681 2557 spatium

169 2577 615 2639 intermedium
640 2577 907 2638 transitu
933 2576 1287 2639 attrahatur

170 2676 272 2739 vel
322 2676 680 2759 impellatur
731 2699 955 2739 versus
1002 2677 1285 2739 medium

170 2779 543 2852 incidentiae,
599 2800 804 2860 eaque
863 2779 1112 2841 actione
1172 2779 1282 2840 de-

167 2881 401 2942 scribat
441 2878 673 2942 lineam
719 2903 979 2942 curvam
1025 2882 1114 2943 H
1125 2882 1185 2956 I,
1222 2881 1284 2943 ἃ

167 2994 454 3064 emergat
483 2980 833 3042 secundum
864 2980 1096 3043 lineam
1127 2983 1177 3043 J
1190 2983 1279 3046 K

166 3079 280 3142 Ad
339 3079 597 3162 planum
673 3081 1079 3164 emergentiae
1152 3083 1219 3144 B
1249 3084 1284 3145 b

163 3181 443 3264 erigatur
515 3180 1040 3263 perpendiculum
1106 3184 1152 3244 I
1178 3183 1279 3257 M

163 3305 497 3346 occurrens
559 3296 694 3345 tum
754 3281 939 3345 lineae
1002 3284 1278 3346 inciden-

163 3384 268 3446 tiae
312 3384 484 3445 GH
519 3384 847 3464 productae
896 3384 958 3444 in
1006 3385 1106 3458 M
1140 3397 1279 3446 tum

160 3483 353 3567 plano
395 3484 754 3547 incidentiae
799 3485 868 3545 A
893 3506 935 3545 a
966 3485 1027 3549 in
1058 3486 1127 3546 R
1149 3511 1175 3558 ,·
1220 3485 1282 3547 &
1373 3473 1376 3475 ⁸

156 3584 328 3647 linea
355 3585 768 3668 emergentiae
796 3585 880 3646 K
895 3585 945 3646 I
970 3585 1283 3666 producta

157 3698 445 3749 occurrat
473 3686 667 3748 HM
690 3686 752 3747 in
777 3686 858 3748 L.
942 3686 1182 3749 Centro
1214 3688 1277 3749 L

157 3784 491 3850 intervallo
519 3786 645 3848 LI
659 3786 1054 3849 describatur
1076 3787 1270 3850 circu-

150 3885 266 3961 luS,
299 3907 525 3951 secans
555 3899 686 3948 tam
717 3886 911 3948 HM
933 3887 994 3950 in
1028 3888 1094 3949 P
1125 3887 1196 3976 &v
1221 3889 1296 3964 Q,
1331 3911 1524 3972 quam
1556 3892 1653 3974 M
1658 3893 1709 3954 J
1736 3894 2117 3975 productam
2153 3896 2215 3958 in
2249 3895 2347 3970 N,
2381 3894 2444 3959 &
2480 3895 2686 3978 primo
