2852 4250
1088 136 1324 184 LIBER
1369 120 1507 184 SEC
1517 135 1675 184 UND
1687 137 1783 184 os.
2532 163 2561 201 2
2579 162 2649 219 79

219 320 373 361 vero
403 312 684 378 tempora
712 307 893 356 erunt
936 309 1004 356 ut
1046 297 1360 376 perimetri
1405 297 1742 358 orbitarum
1772 297 1839 356 A
1854 297 2007 370 ΕΒ,
2038 298 2179 356 BF
2182 299 2247 368 C,
2287 302 2342 360 C
2349 302 2498 374 GD,
2537 305 2647 366 &c

220 425 468 494 directe,
503 421 563 482 81
592 419 952 481 velocitates
998 420 1060 479 in
1105 421 1418 500 principiis
1449 419 1538 492 A,
1570 421 1647 492 B,
1687 422 1751 492 C,
1785 422 2062 495 inverse;
2110 423 2171 482 id
2215 438 2325 496 est,
2359 440 2427 487 ut
2454 430 2521 488 A
2548 400 2651 509 fi,

221 550 287 609 B
309 549 365 608 S
367 519 415 619 ἓ,
455 548 512 607 C
523 547 579 606 S
580 518 627 607 ἕ.
720 539 937 625 Atque
967 559 1214 626 tempus
1244 559 1461 617 totum,
1494 567 1620 626 quo
1649 568 1871 627 corpus
1901 526 2224 627 perveniet
2252 551 2331 609 ad
2363 565 2654 627 centrum,

223 646 341 707 erit
369 645 450 705 ad
482 658 727 724 tempus
765 641 1169 704 revolutionis
1199 644 1432 722 primae‚
1465 656 1534 703 ut
1577 665 1820 705 summa
1863 646 2140 707 omnium
2184 649 2474 710 continue
2517 673 2655 730 pro-

222 769 656 852 portionalium
687 770 755 829 A
779 741 880 841 δέ,
912 770 978 829 Β
995 740 1096 842 5²3⁷,
1137 771 1193 830 C
1204 740 1308 841 δέ,
1342 769 1732 851 pergentium
1765 770 1824 830 in
1858 770 2177 843 infinitum,
2210 774 2290 833 ad
2331 777 2659 838 terminum

121 905 126 909 ’
225 900 490 980 primum
521 898 589 958 A
612 867 734 971 S‘ffffi
783 897 845 957 id
891 909 1004 970 est,
1038 909 1107 956 ut
1150 895 1448 957 terminus
1493 895 1595 957 ille
1640 898 1873 976 primus
1916 899 1984 958 A
2011 867 2100 960 S}
2127 900 2206 960 ad
2250 900 2659 962 differentiam

225 1026 488 1087 duorum
519 1025 856 1104 primorum
886 1022 954 1082 A
981 993 1218 1082 8³3⁷—B
1237 993 1340 1093 δὲ,
1372 1022 1506 1082 sive
1533 1035 1600 1082 ut
1630 1022 1736 1086 {A
1756 1024 1812 1083 S
1844 1025 1923 1084 ad
1968 1027 2115 1085 AB
2144 1047 2330 1105 quam
2361 1026 2654 1105 proxime.

233 1125 425 1185 Unde
455 1137 701 1203 tempus
733 1121 881 1182 illud
913 1133 1112 1181 totum
1144 1120 1437 1199 expedite
1469 1120 1794 1181 invenitur.

344 1221 540 1282 Corol.
598 1223 650 1281 8.
717 1220 820 1279 Ex
878 1219 974 1278 his
1046 1218 1233 1278 etiam
1292 1230 1520 1297 praeter
1590 1231 1844 1297 propter
1900 1219 2188 1302 colligere
2245 1219 2387 1281 licet
2458 1230 2662 1281 motus

224 1339 549 1398 corporum
596 1318 657 1378 in
709 1317 945 1388 mediiS,
1000 1337 1264 1396 quorum
1315 1315 1594 1376 densitas
1638 1330 1746 1376 aut
1796 1317 2115 1378 uniformis
2160 1330 2272 1392 est,
2321 1330 2429 1378 aut
2479 1317 2662 1378 aliam

227 1437 661 1497 quamcunque
703 1415 908 1497 legem
952 1415 1332 1495 assignatam
1376 1414 1684 1474 observat.
1779 1415 2012 1477 Cetrtro
2053 1417 2120 1488 S,
2155 1415 2489 1476 intervallis
2520 1438 2661 1477 con-

226 1516 397 1576 tinue
426 1512 985 1594 proportionalibus
1018 1513 1160 1584 SA,
1196 1511 1324 1582 SB,
1353 1511 1408 1571 S
1411 1511 1475 1582 C,
1511 1510 1618 1573 &c
1652 1511 1933 1575 describe
1964 1514 2220 1576 circulos
2251 1528 2662 1595 quotcunque,

229 1613 532 1674 &statue
571 1614 818 1690 tempus
870 1607 1325 1670 revolutionum
1368 1609 1527 1668 inter
1571 1610 1937 1688 perimetros
1981 1613 2246 1674 duorum
2299 1613 2662 1693 quorumvis

228 1732 308 1772 ex
338 1710 433 1769 his
464 1706 717 1779 circuli5‚
752 1708 813 1767 in
859 1707 1067 1768 medio
1111 1707 1192 1767 de
1237 1728 1363 1787 quo
1409 1708 1666 1788 egimUS‚
1714 1730 1854 1769 esse
1906 1710 1986 1770 ad
2038 1724 2284 1790 tempus
2338 1711 2664 1771 revolutio-

229 1829 377 1868 num
423 1807 581 1867 inter
615 1805 870 1867 eosdem
924 1805 985 1865 in
1035 1806 1242 1867 medio
1289 1806 1625 1885 proposito,
1673 1820 1742 1867 ut
1775 1808 1974 1883 'medii
2039 1809 2339 1888 propositi
2392 1808 2667 1869 densitas

229 1905 555 1967 mediocris
607 1905 767 1964 inter
816 1904 931 1964 hos
983 1902 1241 1965 circulos
1293 1905 1373 1964 ad
1427 1905 1630 1977 medii,
1681 1906 1762 1966 de
1809 1927 1934 1984 quo
1985 1906 2241 1986 egimus,
2296 1905 2667 1966 densitatem

230 2005 605 2065 mediocrem
646 2003 805 2062 inter
855 2002 1111 2063 eosdem
1160 2023 1348 2081 quam
1399 2003 1721 2082 proxime:
1769 2004 1899 2063 Sed
1946 2003 2006 2063 ἃ
2052 2004 2112 2063 in
2158 2004 2378 2064 eadem
2419 2025 2668 2082 quoque

227 2102 464 2163 ratione
494 2121 632 2161 esse
662 2112 977 2160 secantem
1007 2099 1220 2181 anguli
1265 2121 1391 2180 quo
1435 2099 1678 2179 spiralis
1722 2101 2043 2180 praefinita,
2079 2102 2139 2161 in
2187 2102 2394 2162 medio
2431 2102 2511 2162 de
2542 2123 2667 2180 quo

229 2201 486 2282 egimuS‚
540 2212 709 2260 secat
759 2197 999 2258 radium
1050 2199 1118 2258 A
1150 2199 1215 2270 S,
1270 2198 1350 2258 ad
1403 2212 1718 2260 secantem
1778 2198 1986 2280 anguli
2039 2220 2163 2278 quo
2215 2197 2454 2278 spiralis
2506 2220 2670 2258 nova

224 2312 395 2360 secat
441 2298 681 2359 radium
740 2296 1009 2357 eundem
1069 2296 1130 2355 in
1190 2295 1398 2356 medio
1449 2297 1809 2376 proposito:
1887 2296 2103 2375 Atque
2162 2296 2347 2356 etiam
2405 2309 2474 2355 ut
2524 2308 2670 2355 sunt

228 2397 568 2458 eorundem
640 2392 1007 2476 angulorum
1082 2406 1410 2475 tangentes
1485 2395 1570 2455 ita
1642 2416 1779 2455 esse
1854 2415 2141 2474 numeros
2215 2392 2668 2454 revolutionum

229 2495 507 2556 omnium
568 2494 726 2554 inter
776 2491 1033 2553 circulos
1085 2492 1341 2553 eosdem
1387 2493 1545 2554 duos
1598 2515 1785 2573 quam
1838 2493 2133 2572 proxime.
2226 2492 2295 2552 Si
2341 2492 2473 2552 haec
2519 2492 2670 2552 fiant

229 2593 460 2672 passim
493 2593 651 2652 inter
694 2589 950 2652 circulos
994 2591 1191 2664 binos,
1226 2592 1684 2652 continuabitur
1727 2604 1932 2652 motus
1977 2612 2089 2670 per
2131 2588 2386 2651 circulos
2431 2611 2663 2650 omnes,

232 2690 448 2770 Atque
478 2690 595 2751 hoc
623 2703 810 2769 pacto
840 2689 1006 2749 haud
1038 2688 1366 2750 difficulter
1396 2690 1717 2771 imaginari
1751 2690 2060 2769 possimus
2098 2689 2321 2768 quibus
2367 2689 2567 2749 modis
2598 2709 2670 2748 ac

231 2787 614 2867 temporibus
645 2809 903 2866 corpora
934 2788 994 2846 in
1027 2787 1234 2848 medio
1266 2809 1639 2867 quocunque
1671 2786 1934 2868 regulari
1965 2787 2170 2868 gyrari
2202 2786 2536 2846 debebunt.

345 2885 542 2945 Corol.
579 2905 632 2960 9.
693 2885 780 2944 Et
824 2886 1111 2964 quamvis
1156 2899 1362 2946 motus
1414 2885 1743 2945 excentrici
1792 2886 1851 2944 in
1898 2884 2224 2965 spiralibus
2277 2885 2357 2944 ad
2405 2884 2666 2945 formam

229 2982 500 3043 ovalium
573 2983 1010 3043 accedentibus
1083 2996 1497 3064 peragantur;
1587 2996 1795 3043 tamen
1871 2983 2278 3062 concipiendo
2350 2980 2667 3061 spiralium

232 3079 469 3141 illarum
521 3079 795 3162 singulas
841 3079 1259 3142 revolutiones
1313 3081 1533 3141 iisdem
1586 3082 1666 3141 ab
1720 3081 1984 3142 invicem
2035 3078 2371 3141 intervallis
2422 3080 2666 3150 distare,

230 3179 574 3259 iisdemque
602 3179 896 3260 gradibus
920 3179 1000 3239 ad
1025 3193 1303 3241 centrum
1327 3179 1622 3239 accedere
1646 3200 1785 3239 cum
1808 3178 2015 3258 spirali
2040 3179 2321 3258 superius
2345 3178 2666 3256 descripta,

230 3275 643 3357 intelligemus
674 3277 861 3337 etiam
893 3277 1210 3356 quomodo
1241 3289 1446 3338 motus
1491 3298 1817 3356 corporum
1850 3277 1912 3336 in
1959 3275 2311 3358 hujusmodi
2342 3273 2666 3354 spiralibus

123 3405 129 3411 ·
230 3387 618 3455 peragantur.
