2852 4250
206 117 328 193 398
736 176 739 179 Α
982 117 1101 167 DE
1145 117 1435 168 MUNDJ
1457 116 1818 168 SYSTEMA
1827 100 1940 168 TE.

198 266 262 330 &
301 288 324 329 1
345 266 401 351 Ι)
437 279 538 330 est
578 251 684 331 illa
729 268 869 350 ip‘sa
897 268 996 330 vis
1027 289 1222 351 quam
1269 288 1387 330 nos
1431 252 1817 350 gravitatem
1870 266 2084 332 dicere
2127 266 2424 334 solemus.
2543 271 2607 335 N
2612 294 2725 339 am:
2784 320 2786 322 -

194 367 248 429 si
292 368 576 451 gravitas
617 369 705 430 ab
757 391 836 431 ea
882 369 1142 431 diversa
1186 379 1372 440 esset,
1420 387 1689 448 corpora
1735 366 1978 430 viribus
2030 369 2321 452 utrisque
2365 371 2719 455 conjunctis
2785 389 2796 437 “.

194 480 428 529 terram
482 468 765 549 petendo
809 466 1007 550 duplo
1052 467 1335 531 velocius
1381 465 1864 541 descenderent,
1899 467 1963 531 &
2005 468 2217 551 spatio
2262 469 2497 533 minuti*
2530 472 2719 536 unius

193 567 457 629 secundi
499 567 789 630 cadendo
821 568 1256 630 describerent
1299 566 1501 648 pedes
1555 566 1946 630 Parisienses
1971 567 2144 648 ‘301²r:
2191 568 2454 632 omnino
2497 583 2720 635 contra
2804 588 2809 633 J

193 669 672 749 experientiam.

282 766 578 830 Calculus
624 768 725 829 hic
768 767 1075 829 fundatur
1105 768 1167 829 in
1222 767 1564 850 hypothesi
1611 768 1801 849 quod.
1840 779 2009 831 terra
2053 769 2337 851 quiescit.
2434 768 2610 831 Nam
2661 770 2716 834 si

192 881 359 930 terra
412 868 474 929 8c
527 866 677 929 luna
729 881 1112 930 moveantur
1177 869 1412 930 circum
1480 867 1700 941 solem,
1750 867 1813 930 &
1860 868 2103 931 interea
2169 889 2428 950 quoque
2481 869 2716 932 circum

2743 192 2775 212 *t

189 990 528 1031 commune
579 968 914 1052 gravitatis
968 983 1257 1032 centrum
1313 968 1772 1032 revolvantur:
1834 982 2136 1032 manente
2184 968 2330 1052 lege
2380 969 2716 1052 gravitatis
2820 977 2832 1052 ”3

188 1069 492 1130 distantia
523 1082 885 1132 centrorum
932 1069 1100 1131 lunae
1146 1092 1221 1131 ac
1253 1083 1439 1132 terrae
1471 1070 1555 1132 ab
1587 1070 1862 1132 invicem
1893 1069 2014 1132 erit
2046 1068 2167 1136 601}
2211 1068 2714 1133 semidiametro-

188 1190 325 1229 rum
374 1170 767 1231 terrestrium
815 1170 1098 1246 circiter3
1146 1171 1238 1232 uti
1285 1171 1831 1252 computationem
1878 1170 2121 1233 ineunti
2168 1169 2428 1252 patebit.
2524 1169 2715 1233 Com-

187 1270 438 1350 putatio
470 1284 686 1332 autem
720 1270 860 1332 iniri
892 1284 1108 1353 potest
1138 1293 1255 1352 per
1285 1293 1465 1354 prop.
1503 1292 1588 1333 Lx
1622 1270 1725 1334 lib.
1774 1293 1820 1334 1.

1277 1443 1616 1504 Sclzolz'um.

307 1554 791 1617 Demonstratio
837 1555 1290 1637 propositionis
1347 1557 1438 1618 sic
1485 1556 1688 1618 fusius
1742 1556 2043 1639 explicari
2097 1570 2327 1639 potest.
2421 1557 2494 1620 Si
2541 1555 2710 1620 lunae
2751 1529 2762 1541 .
2816 1571 2821 1573 ’

183 1653 397 1735 plures
458 1655 692 1717 circum
761 1670 994 1718 terram
1065 1654 1564 1730 revolverentur,
1628 1658 1896 1739 perinde
1963 1671 2034 1719 ut
2082 1646 2165 1719 'fit
2232 1657 2296 1719 in
2358 1670 2710 1740 systemate

180 1754 423 1815 saturni
482 1753 578 1816 vel
624 1756 835 1838 jovis:
909 1757 1134 1819 harum
1186 1771 1479 1839 tempora
1539 1759 1863 1840 periodica
1919 1758 2060 1842 (per
2111 1772 2561 1842 argumentum
2615 1759 2707 1821 in-

180 1854 523 1939 ductionis)
589 1857 1011 1920 observarent
1070 1856 1282 1942 legem
1358 1857 1760 1940 planetarum
1820 1883 1858 1921 a
1916 1861 2194 1942 Keplero
2252 1860 2590 1933 detectam,
2646 1859 2709 1922 &

178 1969 520 2036 propterea
574 1958 798 2019 harum
845 1959 1015 2020 vires
1062 1960 1435 2040 centripetae
1480 1959 1692 2022 forent
1744 1961 2066 2043 reciproce
2097 1973 2169 2022 ut
2213 1960 2527 2043 quadrata
2578 1959 2704 2022 dis-

178 2061 520 2122 tantiarum
566 2084 605 2123 a
653 2075 872 2124 centro
922 2076 1125 2136 terrae,
1169 2085 1286 2145 per
1331 2085 1509 2145 prop.
1571 2085 1592 2124 1
1655 2063 1857 2147 hujus,
1977 2063 2068 2125 Et
2112 2063 2166 2125 si
2220 2084 2439 2125 earum
2490 2060 2708 2124 infima

177 2174 349 2223 esset
414 2184 630 2243 parva,
702 2162 764 2224 &
833 2164 1108 2226 vertices
1184 2162 1637 2227 altissimorum
1714 2165 2027 2227 montium
2095 2186 2297 2246 prope
2363 2174 2703 2246 tangeret:

176 2261 362 2344 hujus
424 2263 523 2324 vis
574 2264 940 2345 centripeta,
976 2286 1104 2346 qua
1158 2260 1540 2326 retineretur
1599 2265 1662 2326 in
1724 2266 1894 2339 orbe,
1949 2250 2302 2348 gravitates
2363 2283 2704 2345 corporum

175 2363 238 2422 in
300 2364 643 2425 verticibus
706 2363 954 2427 illorum
1018 2366 1331 2429 montium
1398 2366 1539 2450 (per
1590 2368 2135 2449 computationem
2196 2365 2696 2451 praecedentem)

174 2479 459 2546 aequaret
507 2468 1013 2549 quamproxime,
1052 2469 1462 2551 efficeretque
1511 2483 1583 2532 ut
1631 2471 1859 2532 eadem
1912 2469 2145 2544 lunula,
2195 2472 2247 2533 si
2299 2484 2476 2534 motu
2527 2470 2701 2533 omni

175 2588 303 2647 quo
364 2569 573 2650 pergit
628 2569 690 2630 in
751 2570 905 2631 orbe
959 2593 1078 2633 suo
1134 2572 1508 2652 privaretur,
1561 2571 1815 2659 defectu
1864 2572 1963 2634 vis
2018 2572 2408 2655 centrifugae,
2442 2593 2572 2654 qua
2635 2571 2700 2632 in

173 2667 327 2728 orbe
376 2683 829 2749 permanserat,
886 2671 1308 2734 descenderet
1363 2673 1425 2733 in
1481 2686 1733 2746 terram,
1792 2673 1986 2755 idque
2039 2673 2268 2735 eadem
2329 2694 2474 2734 cum
2522 2670 2697 2735 velo·
2807 2751 2811 2755 γ

173 2772 362 2835 citate
431 2796 559 2855 qua
617 2774 841 2857 gravia
903 2775 1140 2837 cadunt
1202 2776 1264 2837 in
1329 2765 1576 2838 illorum
1638 2775 1952 2838 montium
2013 2775 2374 2849 verticibuS,
2436 2787 2701 2857 propter

172 2872 603 2954 aequalitatem
653 2876 881 2936 virium
938 2877 1170 2958 quibus
1223 2877 1639 2939 descendunt.
1740 2877 1830 2938 Et
1882 2877 1934 2938 si
1989 2876 2088 2938 vis
2143 2874 2264 2952 illa,
2300 2897 2430 2958 qua
2480 2872 2699 2937 lunula

173 2969 277 3032 illa
326 2973 543 3035 infima
587 2974 937 3051 deseendit,
978 2977 1235 3038 diversa
1280 2990 1452 3038 esset
1497 2999 1535 3038 a
1578 2977 1914 3060 gravitate,
1964 2975 2027 3038 &
2078 2974 2298 3038 lunula
2351 2974 2457 3037 illa
2501 2975 2695 3038 etiam

170 3073 388 3155 gravis
421 3087 592 3135 esset
623 3074 685 3135 in
719 3088 952 3137 terram
987 3099 1164 3139 more
1210 3099 1548 3159 corporum
1588 3079 1651 3139 in
1682 3078 2027 3140 verticibus
2059 3078 2371 3140 montium
2405 3099 2417 3138 :
2465 3075 2693 3139 eadem

171 3170 388 3234 lunula
447 3173 511 3235 vi
575 3188 845 3257 utraque
905 3179 1243 3260 conjuncta
1304 3177 1503 3260 duplo
1564 3177 1847 3241 velocius
1908 3178 2346 3240 descenderet.
2472 3176 2693 3256 Quare

171 3298 316 3338 cum
347 3277 516 3338 vires
583 3290 887 3359 utraeque,
953 3279 1014 3340 &
1089 3279 1189 3341 hae
1258 3303 1596 3362 corporum
1670 3280 1982 3364 gravium,
2047 3279 2109 3342 &
2183 3277 2308 3341 illae
2381 3276 2692 3355 lunarum,

169 3390 457 3439 centrum
490 3391 674 3440 terrae
723 3379 1077 3460 respiciant,
1114 3381 1176 3442 &
1216 3382 1343 3444 sint
1389 3384 1554 3444 inter
1590 3405 1661 3445 se
1714 3381 1953 3444 similes
2001 3381 2064 3443 &
2108 3378 2406 3463 aequaleS,
2440 3380 2688 3442 eaedem

173 3479 313 3563 (per
359 3501 488 3562 reg.
526 3499 548 3540 1
597 3479 659 3541 8ζ
705 3479 777 3563 11>
819 3477 1091 3545 eandem
1141 3482 1469 3545 habebunt
1520 3506 1794 3546 causam.
1893 3483 1985 3545 Et
2035 3495 2375 3565 propterea
2418 3482 2517 3544 vis
2567 3479 2687 3555 illa,

169 3606 298 3667 qua
348 3582 499 3645 luna
552 3584 859 3646 retinetur
910 3585 974 3645 in
1021 3585 1175 3646 orbe
1227 3607 1360 3659 su0,
1409 3609 1487 3648 ea
1533 3588 1671 3668 ipsa
1719 3587 1839 3649 erit
1890 3607 2084 3668 quam
2134 3606 2251 3647 nos
2301 3583 2687 3668 gravitatem

167 3687 379 3767 dicere
439 3683 765 3748 solemus:
842 3685 1037 3767 idque
1098 3687 1376 3748 maxime
1438 3709 1519 3749 ne
1578 3686 1797 3749 lunula
1857 3688 1920 3748 in
1984 3685 2224 3748 vertice
2284 3683 2520 3747 montis
2579 3679 2684 3745 vel

166 3788 482 3871 gravitate
513 3800 738 3860 careat,
772 3785 875 3849 vel
923 3785 1120 3868 duplo
1151 3786 1431 3849 velocius
1464 3789 1651 3850 cadat
1682 3810 1875 3871 quarn
1908 3809 2174 3870 corpora
2217 3787 2442 3871 gravia
2475 3783 2686 3849 solent

167 3889 409 3952 cadere.
