2852 4250
175 89 299 164 316
935 165 939 168 θ
998 87 1116 135 DE
1150 86 1389 137 MOTU
1421 85 1864 139 CORPORUM

169 252 396 314 dubito
462 251 614 334 quin
685 250 904 335 regula
971 250 1161 314 allata
1228 252 1382 318 satis
1450 264 1742 314 accurate
1810 249 2138 314 obtineat:
2217 251 2570 332 praesertim
2628 253 2684 318 si

169 352 609 434 experimenta
661 353 724 413 in
779 352 1146 433 corporibus
1199 349 1494 432 pendulis
1549 350 1611 411 &
1663 349 2008 433 majoribus
2061 349 2126 412 81
2169 349 2452 414 velocius
2493 355 2684 417 motis

172 453 594 515 instituantur.

291 551 591 632 Denique
622 571 764 611 cum
798 547 1242 611 nonnullorum
1275 547 1491 629 opinio
1522 547 1619 619 sit,
1655 547 1935 609 medium
1974 549 2299 630 quoddam
2330 550 2682 614 aethereum

171 651 235 713 &
278 649 470 733 longe
516 648 993 711 subtilissimum
1041 660 1278 722 extare,
1313 647 1487 727 quod
1534 667 1758 708 omnes
1795 648 2080 710 omnium
2112 671 2447 731 corporum
2492 672 2685 733 poros

171 749 234 811 &
265 763 510 811 meatus
542 747 857 809 liberrime
899 759 1219 827 permeet;
1267 768 1305 807 a
1335 745 1442 807 tali
1487 759 1703 808 autem
1737 747 1950 810 medio
1981 770 2097 830 per
2126 771 2462 831 corporum
2493 773 2684 832 poros

170 849 406 910 fluente
451 845 810 908 resistentia
855 846 1000 907 oriri
1047 845 1319 907 debeat:
1367 859 1438 906 ut
1483 859 1796 908 tentarem
1843 869 1924 908 an
1971 848 2345 922 resistentia,
2381 871 2574 931 quam
2621 851 2684 912 in

169 949 359 1009 motis
400 946 767 1027 corporibus
814 945 1190 1025 experimur,
1224 958 1360 1007 tota
1404 946 1487 1006 sit
1533 945 1595 1006 in
1643 967 1863 1008 eorum
1910 961 2175 1010 externa
2218 950 2566 1031 superficie,
2600 973 2681 1012 an

171 1068 326 1108 vero
355 1058 568 1125 partes
601 1045 792 1105 etiam
825 1043 1088 1106 internae
1137 1045 1198 1105 in
1230 1044 1684 1126 superficiebus
1731 1047 2001 1128 propriis
2033 1048 2456 1111 resistentiam
2502 1064 2680 1112 nota-

170 1144 362 1207 bilem
393 1144 684 1215 sentiant,
719 1144 1077 1226 excogitavi
1125 1145 1631 1225 experimentum
1680 1144 1822 1208 tale.
1920 1146 2062 1209 Filo
2107 1148 2345 1229 pedum
2386 1149 2682 1211 undecim

170 1244 583 1328 longitudinis
616 1244 697 1304 ab
743 1265 908 1305 unco
940 1243 1250 1326 chalybeo
1282 1246 1435 1306 satis
1482 1245 1682 1321 firmo,
1719 1246 2040 1309 mediante
2086 1246 2324 1310 annulo
2354 1247 2679 1331 chalybeo,

170 1344 640 1425 suspendebam
673 1343 977 1424 pyxidem
1010 1345 1348 1428 abiegnam
1383 1346 1738 1418 rotundam,
1774 1346 1855 1407 ad
1888 1348 2403 1410 constituendum
2436 1349 2679 1430 pendu-

170 1444 302 1506 lum
347 1444 761 1527 longitudinis
810 1444 1147 1525 praedictae.
1250 1446 1475 1515 Uncus
1508 1468 1757 1507 sursum
1795 1460 2154 1528 praeacutus
2187 1461 2323 1510 erat
2368 1449 2502 1511 acie
2533 1471 2679 1512 con·
2743 1456 2773 1477 ·’

171 1566 343 1616 cava,
378 1557 448 1605 ut
478 1543 747 1605 annulus
779 1566 926 1606 arcu
959 1567 1076 1606 suo
1108 1546 1432 1626 superiore
1464 1547 1619 1607 aciei
1664 1546 1917 1608 innixus
1948 1546 2266 1625 liberrime
2299 1561 2676 1611 moveretur.

172 1644 372 1706 Arcui
404 1657 617 1706 autem
651 1644 926 1706 inferiori
968 1647 1426 1707 annectebatur
1457 1646 1647 1709 filum.
1749 1645 2104 1709 Pendulum
2153 1647 2239 1708 ita
2269 1648 2682 1710 constitutum

169 1744 566 1807 deducebam
620 1767 658 1806 a
712 1745 1164 1826 perpendiculo
1218 1746 1299 1806 ad
1355 1747 1721 1807 distantiam
1776 1747 1957 1828 quasi
2011 1747 2249 1828 pedum
2303 1769 2433 1821 sex,
2490 1748 2684 1830 idque

170 1845 521 1906 secundum
570 1844 830 1926 planum
881 1845 1036 1906 aciei
1086 1845 1229 1906 unci
1279 1843 1821 1926 perpendiculare,
1876 1868 1957 1908 ne
2010 1845 2300 1918 annuluS,
2355 1846 2683 1910 oscillante

170 1944 467 2025 pendulo,
507 1967 698 2026 supra
744 1946 943 2007 aciem
991 1946 1134 2005 unci
1181 1943 1346 2007 ultro
1392 1946 1677 2027 citroque
1723 1944 2055 2009 laberetur.
2156 1947 2329 2008 Nam
2375 1959 2683 2028 punctum

169 2046 619 2126 suspensioniS,
656 2046 716 2106 in
765 2067 893 2126 quo
939 2044 1208 2106 annulus
1256 2067 1488 2106 uncum
1536 2046 1756 2128 tangit,
1797 2047 2129 2108 immotum
2163 2068 2421 2108 manere
2470 2047 2679 2110 debet.

175 2145 417 2207 Locum
479 2146 670 2228 igitur
729 2159 1018 2207 accurate
1081 2146 1400 2216 notabam,
1464 2145 1546 2205 ad
1609 2167 1800 2226 quem
1861 2146 2254 2208 deduxeram
2314 2145 2681 2228 pendulum,

169 2246 316 2306 dein
364 2245 644 2326 pendulo
690 2246 969 2307 demisso
1003 2246 1302 2307 notabam
1336 2244 1458 2307 alia
1505 2246 1623 2307 tria
1669 2245 1807 2308 loca
1847 2246 1930 2307 ad
1977 2268 2121 2327 quae
2154 2246 2403 2307 redibat
2448 2245 2510 2307 in
2558 2245 2684 2308 fine

169 2343 575 2407 oscillationis
636 2347 875 2426 primae,
938 2346 1238 2407 secundae
1299 2368 1372 2406 ac
1442 2347 1661 2408 tertiae.
1793 2347 1941 2409 Hoc
2002 2347 2370 2428 repetebam
2430 2347 2682 2428 saepiuS,

169 2460 239 2507 ut
290 2445 427 2508 loca
481 2446 584 2508 illa
639 2469 830 2528 quam
893 2447 1069 2528 potui
1125 2447 1594 2508 accuratissime
1657 2448 2024 2510 invenirem.
2146 2447 2317 2508 Tum
2377 2447 2683 2528 pyxidem

167 2546 428 2629 plumbo
491 2548 552 2609 δε
610 2549 1026 2631 gravioribus,
1091 2570 1235 2629 quae
1297 2548 1378 2608 ad
1442 2570 1666 2610 manus
1728 2561 1924 2621 erant,
1987 2546 2257 2610 metallis
2319 2546 2677 2629 implebam.

169 2648 302 2710 Sed
364 2649 535 2729 prius
589 2649 1023 2729 ponderabam
1085 2648 1389 2729 pyxidem
1445 2670 1729 2721 vacuam,
1786 2670 1913 2710 una
1965 2670 2109 2710 cum
2163 2660 2343 2729 parte
2396 2646 2482 2710 fili
2536 2669 2683 2730 quae

169 2750 401 2810 circum
470 2750 772 2831 pyxidem
835 2749 1214 2811 volvebatur
1272 2772 1345 2811 ac
1406 2750 1672 2812 dimidio
1733 2750 1930 2831 partis
1992 2747 2252 2830 reliquae
2315 2769 2460 2829 quae
2522 2747 2686 2810 inter

168 2870 399 2909 uncum
434 2848 494 2909 ἃ
525 2849 827 2930 pyxidem
859 2848 1203 2930 pendulam
1237 2850 1633 2911 tendebatur.
1721 2850 1894 2911 Nam
1927 2848 2101 2911 filum
2133 2863 2386 2911 tensum
2418 2847 2685 2910 dimidio

170 2949 470 3029 ponderis
530 2951 627 3010 sui
695 2948 1044 3029 pendulum
1113 2972 1150 3011 a
1218 2949 1674 3032 perpendiculo
1741 2950 2102 3033 digressum
2162 2970 2417 3030 semper
2474 2961 2676 3031 urget.

177 3049 350 3110 Huic
410 3049 674 3129 ponderi
735 3049 1051 3110 addebam
1115 3051 1367 3130 pondus
1428 3051 1592 3112 aeris
1636 3072 1844 3136 ‘quem
1914 3049 2100 3131 pyxis
2160 3048 2467 3130 capiebat.
2594 3047 2684 3109 Et

168 3148 420 3229 pondus
451 3161 655 3209 totum
688 3161 822 3209 erat
853 3149 1031 3229 quasi
1065 3171 1210 3230 pars
1242 3152 1716 3234 septuagesima
1746 3163 1975 3213 octava
2004 3148 2259 3230 pyxidis
2285 3145 2683 3210 metallorum

168 3245 392 3327 plenae.
512 3247 683 3307 Tum
735 3249 1035 3328 quoniam
1089 3250 1274 3330 pyxis
1324 3250 1725 3314 metallorum
1774 3249 1979 3332 plena,
2030 3248 2317 3329 pondere
2369 3269 2487 3309 suo
2544 3259 2680 3308 ten-

168 3346 385 3407 dendo
438 3344 632 3420 filum,
688 3348 964 3428 augebat
1015 3347 1480 3430 longitudinem
1541 3351 1817 3432 penduli,
1875 3348 2329 3412 contrahebam
2382 3345 2558 3408 filum
2611 3358 2684 3408 ut

169 3444 428 3527 penduli
466 3446 602 3528 jam
648 3445 991 3508 oscillantis
1037 3449 1263 3509 eadem
1310 3463 1481 3511 esset
1525 3449 1859 3533 longitudo
1901 3472 1975 3511 ac
2020 3448 2210 3530 prius.
2312 3446 2483 3508 Dein
2527 3467 2683 3527 pen-

168 3543 321 3607 dulo
381 3545 463 3606 ad
534 3544 742 3607 locum
814 3546 1019 3627 primo
1080 3560 1368 3609 notatum
1440 3563 1712 3613 retracto
1781 3572 1854 3612 ac
1924 3549 2204 3621 dimisso,
2268 3547 2682 3608 numerabam

168 3643 592 3708 oscillationes
653 3646 833 3727 quasi
895 3648 1304 3730 septuaginta
1366 3648 1427 3709 &
1488 3664 1753 3731 septem,
1810 3651 2017 3713 donec
2077 3648 2264 3731 pyxis
2325 3647 2408 3708 ad
2471 3645 2681 3709 locum

170 3745 455 3807 secundo
531 3758 850 3807 notatum‘
896 3746 1146 3822 rediret,
1226 3747 1623 3831 totidemque
1707 3751 1979 3812 subinde
2054 3750 2260 3811 donec
2342 3747 2530 3830 pyxis
2598 3745 2683 3807 ad
