2846 4224
0 0 172 259 ἶ
1066 141 1302 189 LIBER
1336 141 1645 191 PRIMUS.
2196 148 2200 152 ·
2455 169 2474 207 1
2497 169 2516 208 1
2533 169 2564 225 3

138 313 206 376 A
231 313 370 373 SD
411 332 572 372 areae
616 310 685 371 A
711 311 768 371 S
782 311 860 383 P,
906 324 1095 390 atque
1139 310 1280 372 ideo
1324 311 1511 371 etiam
1563 312 1823 391 tempori
1907 320 1949 355 A

116 406 624 492 proportionalis,
746 408 1048 484 Manente
1099 429 1231 468 axe
1287 409 1356 467 A
1391 409 1457 468 B
1514 409 1825 470 minuatur

135 519 438 588 perpetuo
480 503 741 566 latitudo
785 503 1087 584 ellipseOS‚
1137 505 1198 565 &
1244 526 1492 584 semper
1548 508 1823 567 manebit

134 626 278 666 area
318 604 386 663 A
416 603 472 663 S
485 604 556 662 D
594 602 857 681 tempori
888 601 1377 681 proportionalis,
1502 603 1824 664 Minuatur

93 762 97 766 .
133 699 393 762 latitudo
445 698 547 760 illa
597 700 658 760 in
712 701 1062 762 infinitum:
1113 701 1174 761 &
1217 703 1367 762 orbe
1410 702 1478 761 A
1503 703 1652 762 PB
1685 704 1817 784 jam

124 799 517 860 ,coincidente
575 820 714 858 cum
766 819 887 859 axe
938 800 1006 859 A
1029 800 1095 859 B
1146 799 1207 859 &
1250 798 1539 860 umbilico
1584 801 1641 859 S
1679 823 1817 861 cum

133 897 266 957 axis
296 896 558 956 termino
586 896 665 966 B,
698 896 1038 956 descendet
1081 918 1304 975 corpus
1350 897 1410 955 in
1457 910 1623 957 recta
1651 899 1719 957 A
1751 899 1814 969 C,

134 994 194 1055 &
236 1015 380 1054 area
419 995 487 1053 A
511 994 664 1054 BD
714 995 942 1055 evadet
998 997 1262 1075 tempori
1321 995 1811 1075 proportionalis,

137 1092 404 1153 Dabitur
449 1091 657 1171 itaque
708 1093 977 1171 spatium
1026 1094 1095 1152 A
1126 1094 1191 1165 C,
1246 1093 1414 1172 quod
1467 1115 1687 1172 corpus
1736 1094 1817 1154 de

130 1187 266 1251 loco
295 1189 363 1248 A
412 1188 1002 1268 perpendiculariter
1045 1191 1327 1252 cadendo
1357 1204 1638 1270 tempore
1668 1192 1816 1253 dato

129 1287 418 1348 describit
479 1288 531 1347 si
584 1288 772 1349 modo
824 1290 1086 1369 tempori
1133 1288 1606 1369 proportionalis
1652 1290 1814 1368 capi-

127 1398 266 1447 atur
293 1407 437 1446 area
464 1386 534 1445 A
557 1387 622 1446 B
638 1388 722 1458 D,
757 1386 817 1447 &
847 1409 884 1447 a
914 1401 1144 1467 puncto
1173 1389 1244 1447 D
1286 1387 1366 1447 ad
1399 1400 1629 1447 rectam
1662 1388 1729 1446 A
1752 1390 1817 1447 B
1900 1369 1936 1486 Ξ
2058 1458 2081 1466 ¹„

127 1483 485 1563 demittatur
512 1484 1035 1563 perpendicularis
1064 1486 1134 1544 D
1159 1486 1223 1546 C.
1319 1486 1393 1559 Q.
1420 1486 1500 1545 E.
1529 1487 1585 1546 l.

107 1590 113 1599 “
241 1582 371 1642 Cas,
423 1602 474 1642 2.
525 1582 594 1642 Si
627 1582 824 1664 figura
854 1582 955 1643 illa
982 1585 1049 1644 R
1070 1585 1215 1643 PB
1244 1582 1586 1663 hyperbola
1624 1596 1733 1655 est,
1767 1581 2151 1642 describatur
2188 1582 2268 1641 ad
2307 1583 2569 1642 eandem

125 1677 492 1738 diametrum
523 1679 922 1760 principalem
945 1683 1013 1742 A
1027 1683 1092 1742 B
1121 1682 1462 1762 hyperbola
1492 1696 1725 1743 rectan-

125 1773 272 1858 gula
299 1777 365 1836 B
384 1778 569 1839 ED:
603 1779 662 1838 8c
693 1781 986 1858 quoniam
1018 1803 1179 1841 areae
1217 1782 1430 1852 CSP,
1470 1781 1724 1859 CBfR

127 1873 369 1953 stB
397 1889 541 1935 sunt
571 1876 650 1935 ad
682 1899 857 1938 areas
894 1879 1097 1950 CSD,
1125 1879 1411 1949 CBED‚
1436 1879 1722 1950 SDEB,
1820 1833 2239 2088 CV

124 1971 384 2054 singulae
435 1973 516 2034 ad
562 1974 851 2056 singulaS,
900 1976 961 2035 in
1010 1977 1157 2036 data
1201 1978 1437 2037 ratione
1481 1975 1722 2036 alitudi-

34 2160 40 2166 ·
123 2092 271 2131 num
308 2072 364 2132 C
375 2073 451 2144 P,
490 2073 547 2132 C
558 2074 659 2144 D‚·
691 2073 750 2133 &
780 2095 924 2134 area
955 2075 1011 2134 S
1022 2076 1086 2134 P
1083 2074 1149 2153 f
1154 2076 1220 2134 Β
1248 2073 1723 2154 proportionalis
1810 1988 2139 2182 {l

122 2183 219 2231 est
277 2171 538 2250 tempori
598 2193 723 2251 quo
782 2194 1003 2252 corpus
1059 2174 1124 2232 P
1191 2173 1542 2248 movebitur
1612 2194 1725 2252 per

120 2289 330 2328 arcum
361 2270 423 2328 P
420 2268 486 2347 f
488 2270 553 2328 B
569 2295 593 2340 ‚·
636 2271 752 2330 erit
781 2271 967 2330 etiam
998 2293 1142 2331 area
1172 2271 1228 2330 S
1240 2272 1396 2330 DE
1409 2271 1475 2330 Β
1517 2270 1722 2331 eidem

121 2365 386 2445 tempori
436 2367 927 2446 proportionalis,
1038 2369 1359 2428 Minuatur
1401 2367 1560 2429 latus
1592 2390 1717 2428 rec-

122 2475 254 2524 tum
302 2463 659 2544 hyperbolae
703 2467 851 2526 RP
866 2467 932 2526 B
975 2466 1035 2526 in
1084 2466 1388 2526 infinitum
1429 2477 1719 2525 manente

119 2557 311 2622 latere
368 2551 736 2635 transverso,
785 2563 845 2623 &
903 2564 1091 2625 coibit
1147 2586 1324 2625 arcus
1374 2565 1438 2624 P
1457 2565 1523 2624 B
1579 2585 1718 2623 cum

122 2671 287 2720 recta
325 2660 439 2720 CB
469 2660 529 2721 &
559 2660 882 2722 umbilicus
907 2663 964 2722 S
988 2684 1128 2722 cum
1152 2663 1383 2723 vertice
1411 2663 1477 2721 B
1507 2661 1566 2722 &
1590 2683 1715 2721 rec-

122 2767 186 2817 ta
216 2758 345 2818 SD
372 2780 512 2819 cum
543 2772 710 2820 recta
738 2761 894 2821 BD.
977 2761 1245 2822 Proinde
1267 2782 1412 2821 area
1433 2760 1651 2820 BDE
1655 2760 1719 2818 B

122 2855 591 2936 proportionalis
622 2859 738 2918 erit
766 2859 1030 2938 tempori
1061 2881 1186 2939 quo
1209 2881 1431 2939 corpus
1467 2859 1523 2919 C
1549 2871 1717 2919 recto

118 2951 417 3014 descensu
448 2955 739 3016 describit
773 2955 999 3017 lineam
1043 2958 1187 3018 CB.
1281 2959 1353 3033 Q.
1380 2959 1460 3019 E.
1488 2960 1544 3019 l.

235 3051 366 3112 CaS.
420 3073 471 3130 3.
525 3054 613 3114 Et
668 3053 850 3114 simili
909 3070 1276 3137 argumento
1328 3058 1379 3117 si
1432 3057 1629 3138 figura
2030 3058 2090 3101 Rs
2423 3117 2464 3158 1)
2459 3071 2518 3165 s

118 3148 345 3209 RPB
370 3150 664 3230 parabola
693 3166 802 3224 est,
838 3153 898 3213 δε
941 3154 1164 3215 eodem
1201 3156 1431 3216 vertice
1461 3157 1624 3235 prin-

120 3244 297 3325 cipali
339 3247 405 3306 B
446 3248 828 3311 describatur
870 3250 990 3311 alia
1034 3251 1330 3332 parabola
1370 3254 1435 3313 B
1455 3254 1524 3313 E
1538 3255 1623 3325 D,

122 3362 264 3422 quae
292 3364 538 3424 semper
559 3361 807 3409 maneat
829 3349 990 3421 data,
1018 3350 1252 3411 interea
1273 3350 1423 3410 dum
1447 3373 1622 3431 para-

120 3436 266 3500 bola
320 3440 499 3519 prior,
549 3443 610 3503 in
661 3446 833 3526 cujus
891 3447 1224 3526 perimetro
1282 3469 1505 3527 corpus
1561 3450 1626 3508 P

121 3549 420 3610 movetur,
441 3539 742 3604 diminuto
766 3543 826 3604 &
850 3544 910 3604 in
935 3543 1191 3605 nihilum
1216 3546 1467 3608 redacto
1490 3548 1622 3628 ejus
1731 3588 1763 3634 S

120 3629 311 3694 latere
340 3647 522 3709 recto,
554 3642 883 3702 conveniat
925 3664 1065 3703 cum
1102 3638 1266 3703 linea
1300 3644 1356 3704 C
1367 3645 1472 3715 B,·
1516 3645 1623 3706 fiet
1729 3597 1877 3686 B]

126 3743 517 3811 segmentum
563 3736 982 3816 parabolicum
1025 3743 1260 3802 BDE
1271 3743 1336 3802 B
1379 3746 1838 3823 proportionale
1875 3749 2137 3827 tempori
2170 3770 2294 3828 quo
2338 3770 2558 3826 corpus
2640 3747 2643 3750 ⁴

127 3823 274 3888 illud
315 3831 381 3890 P
430 3830 529 3892 vel
576 3834 634 3893 C
669 3835 1008 3898 descendet
1035 3839 1116 3899 ad
1147 3852 1426 3900 centrum
1458 3841 1516 3900 S
1539 3841 1638 3902 vel
1668 3844 1745 3903 B.
1841 3846 1916 3918 Q.
1942 3847 2023 3906 E.
2052 3847 2106 3906 l.

1322 3943 1366 3982 H

1791 2934 1834 2971 A

1731 3141 1764 3180 C
