2852 4250
1079 102 1316 151 LIBER
1351 103 1491 152 SEC
1499 103 1657 152 UND
1669 105 1767 154 US.

2509 131 2628 188 339

188 250 441 335 315I²Qq
499 246 580 309 ad
637 247 828 328 EFq
897 247 1105 320 semel,
1168 249 1229 309 &
1300 250 1537 310 ratione
1593 248 2060 332 EFq-PQq
2117 254 2197 313 ad
2253 255 2423 335 EFq
2492 259 2627 321 bis:

189 345 538 409 resistentia
587 343 846 424 cylindri
897 345 1014 405 erit
1062 344 1144 405 ad
1197 344 1327 406 vim
1359 368 1483 426 qua
1532 359 1699 407 totus
1751 348 1884 427 ejus
1923 361 2144 422 motuS‚
2199 350 2431 411 interea
2480 355 2628 415 dum

186 441 639 524 longitudinem
696 442 750 500 L
801 441 1107 513 describit,
1160 441 1261 502 vel
1314 441 1444 502 tolli
1496 443 1693 522 possit
1742 442 1843 503 vel
1893 445 2191 524 generari,
2241 460 2310 507 ut
2358 448 2630 511 densitas

189 540 375 602 medii
405 538 486 599 ad
516 537 891 598 densitatem
923 537 1202 617 cylindri.

1263 760 1319 822 S
1315 760 1590 823 chelium.

305 944 378 1002 In
409 942 524 1002 hac
559 940 981 1021 propositione
1026 939 1439 1000 resistentiam
1489 942 1999 1022 investigavimus
2030 966 2170 1024 quae
2201 946 2393 1005 oritur
2423 967 2460 1005 a
2497 946 2630 1006 sola

188 1040 616 1122 magnitudine
645 1052 1017 1099 transversae
1062 1033 1351 1097 sectionis
1396 1036 1669 1117 cylindri,
1717 1039 1996 1122 neglecta
2040 1044 2404 1103 resistentiae
2455 1057 2629 1122 parte

187 1160 328 1218 quae
379 1138 459 1198 ab
510 1136 874 1216 obliquitate
925 1147 1205 1195 motuum
1253 1136 1395 1195 oriri
1449 1138 1657 1215 possit.
1758 1139 1926 1198 Nam
1982 1141 2509 1219 quemadmodum
2564 1141 2625 1200 in

187 1257 332 1296 casu
405 1234 605 1314 primo
663 1232 1100 1313 propositionis
1160 1251 1361 1291 XXXVI
1414 1233 1744 1313 obliquitas
1804 1250 2098 1309 motuum,
2152 1239 2373 1316 quibus
2425 1251 2631 1316 partes

183 1353 365 1412 aquae
423 1332 483 1391 in
542 1352 693 1391 vase
751 1330 1027 1409 undique
1086 1332 1553 1411 convergebant
1612 1332 1673 1391 in
1733 1332 2010 1393 foramen
2082 1335 2150 1392 E
2170 1336 2242 1405 F,
2305 1335 2633 1413 impedivit

186 1428 481 1490 effluxum
511 1449 691 1507 aquae
724 1426 881 1487 illius
926 1448 1038 1506 per
1080 1427 1359 1488 foramen
1390 1451 1401 1488 ε
1449 1429 1536 1487 sic
1581 1428 1642 1487 in
1687 1429 1801 1489 hac
1838 1430 2271 1509 propositione,
2305 1430 2632 1510 obliquitas

188 1539 483 1596 motuum,
534 1526 758 1604 quibus
805 1537 1013 1604 partes
1060 1547 1240 1605 aquae
1293 1526 1372 1585 ab
1417 1525 1722 1586 anteriore
1774 1526 2030 1606 cylindri
2079 1528 2341 1588 termino
2385 1550 2630 1606 pressae,

189 1624 421 1684 ced'unt
478 1623 781 1703 pressioni
843 1622 903 1683 8c
961 1624 1238 1703 undique
1297 1625 1648 1705 divergunt,
1712 1624 1983 1685 retardat
2040 1643 2252 1685 eorum
2311 1626 2633 1685 transitum

191 1743 304 1801 per
359 1720 494 1782 loca
552 1721 613 1780 in
673 1721 926 1781 circuitu
986 1722 1231 1781 termini
1292 1720 1451 1780 illius
1510 1722 1931 1782 antecedentis
1990 1743 2206 1782 versus
2264 1723 2634 1801 posteriores

191 1833 398 1899 partes
450 1817 724 1899 cylindri,
778 1818 1088 1897 efficitque
1140 1831 1210 1877 ut
1260 1818 1518 1877 fluidum
1570 1820 1650 1878 ad
1709 1821 2005 1900 majorem
2061 1821 2413 1880 distantiam
2473 1843 2635 1881 com-

192 1930 517 1979 moveatur
548 1917 607 1977 &
639 1916 1051 1977 resistentiam
1083 1929 1286 1997 auget,
1323 1917 1510 1996 idque
1543 1918 1601 1975 in
1634 1939 1708 1976 ea
1750 1918 1878 1977 fere
1910 1918 2144 1979 ratione
2175 1941 2297 1998 qua
2340 1918 2633 1978 effluxum

190 2037 371 2095 aquae
434 2037 469 2075 e
540 2036 692 2075 vase
764 2014 1065 2085 diminuit,
1143 2013 1205 2073 id
1279 2027 1389 2085 est,
1453 2015 1513 2074 in
1588 2016 1823 2075 ratione
1882 2015 2192 2095 duplicata
2267 2034 2339 2092 25
2403 2017 2481 2075 ad
2552 2037 2620 2075 21

191 2112 443 2173 circiter.
547 2112 635 2172 Et
711 2112 1257 2191 quemadmodum,
1335 2112 1394 2170 in
1469 2113 1906 2191 propositionis
1981 2113 2138 2172 illius
2211 2135 2355 2173 casu
2415 2115 2629 2192 primo,

191 2211 505 2271 effecimus
536 2223 605 2270 ut
634 2223 841 2290 partes
872 2232 1052 2290 aquae
1089 2208 1678 2288 perpendiculariter
1708 2209 1767 2269 &
1798 2211 2068 2271 maxima
2098 2212 2274 2290 copia
2304 2212 2633 2271 transirent

190 2329 302 2387 per
330 2307 604 2369 foramen
650 2310 719 2368 E
733 2310 807 2380 F,
841 2308 1134 2388 ponendo
1166 2308 1334 2387 quod
1380 2329 1543 2387 aqua
1569 2308 1768 2368 omnis
1815 2309 1874 2367 in
1907 2331 2055 2369 vase
2087 2331 2226 2388 quae
2273 2310 2332 2368 in
2379 2309 2630 2369 circuitu

191 2419 514 2467 cataractae
558 2405 884 2488 congelata
929 2406 1145 2477 fuerat,
1187 2406 1246 2466 ἃς
1296 2407 1468 2486 cujus
1517 2419 1720 2465 motus
1769 2404 2054 2486 obliquus
2102 2419 2233 2467 erat
2280 2406 2339 2466 8c
2388 2405 2630 2477 inutilis,

190 2517 471 2563 maneret
516 2504 651 2564 sine
698 2517 911 2564 motu:
965 2505 1052 2565 sic
1101 2505 1161 2563 in
1211 2503 1326 2563 hac
1375 2504 1811 2582 propositione,
1862 2517 1930 2563 ut
1976 2504 2304 2583 obliquitas
2354 2517 2631 2565 motuum

187 2600 449 2673 tollatur,
484 2602 544 2662 &
588 2615 794 2682 partes
826 2624 1007 2682 aquae
1039 2615 1210 2663 motu
1256 2602 1526 2661 maxime
1562 2602 1795 2661 directo
1841 2601 1900 2661 &
1943 2602 2309 2663 brevissimo
2340 2603 2630 2662 cedentes

188 2697 541 2759 facillimum
594 2700 915 2779 praebeant
962 2701 1287 2760 transitum
1343 2699 1635 2779 cylindro,
1687 2699 1746 2758 ἃ
1794 2698 1924 2759 sola
1975 2714 2222 2760 maneat
2272 2701 2632 2771 resistentia,

190 2817 332 2876 quae
363 2798 555 2858 oritur
589 2820 626 2858 a
671 2798 1099 2879 magnitudine
1144 2799 1433 2859 sectionis
1479 2811 1864 2868 transversae,
1897 2820 2162 2877 quaeque
2207 2799 2463 2858 diminui
2510 2820 2632 2859 non

188 2909 395 2974 potest
439 2897 554 2956 nisi
600 2897 1004 2958 diminuendo
1049 2898 1420 2958 diametrum
1466 2895 1740 2975 cylindri,
1796 2896 2265 2974 concipiendum
2318 2908 2413 2956 est
2464 2897 2631 2975 quod

128 3049 131 3053 .
189 3005 395 3071 partes
447 2994 634 3066 fluidi,
669 3016 929 3074 quarum
982 3007 1188 3055 motus
1233 3007 1378 3054 sunt
1428 2993 1660 3073 obliqui
1715 2993 1773 3053 ἃ
1827 2992 2069 3054 inutiles
2116 2994 2175 3054 &
2227 2994 2632 3054 resistentiam

190 3104 414 3163 creant,
441 3092 764 3171 quiescant
794 3093 953 3152 inter
975 3114 1043 3153 se
1065 3092 1146 3152 ad
1177 3105 1508 3172 utrumque
1533 3090 1789 3171 cylindri
1823 3092 2166 3163 terminum,
2196 3092 2255 3151 ἃ
2285 3092 2633 3152 cohaereant

192 3187 252 3247 &
270 3187 547 3267 cylindro
557 3191 916 3271 jungantur.
975 3190 1074 3250 Sit
1091 3192 1159 3249 A
1176 3192 1239 3251 B
1254 3191 1310 3250 C
1312 3192 1383 3249 D

1963 3233 2298 3282 ffl-—-÷G

191 3287 631 3368 rectangulum,
671 3287 732 3348 &
775 3288 899 3348 sint
927 3289 996 3347 A
1020 3289 1090 3348 E
1132 3287 1192 3347 ἃ
1235 3289 1386 3347 BE

190 3403 367 3443 arcus
440 3385 570 3446 duo
628 3384 963 3464 parabolici
1037 3407 1155 3445 axe
1225 3386 1294 3443 A
1322 3385 1387 3443 B
1512 3405 1870 3469 ·························
1875 3359 1905 3410 ‘C
2174 3422 2176 3424 >
2332 3361 2375 3411 Α·
2382 3407 2482 3434 ·······

190 3479 498 3561 descripti,
529 3483 722 3544 latere
752 3496 960 3543 autem
998 3495 1166 3543 recto
1213 3482 1382 3561 quod
1419 3469 1511 3544 13³²:
1514 3515 1782 3568 ,,,,,,,,,,,,,,,,,,
1886 3405 1895 3568 l
2345 3411 2351 3565 Ι
2355 3530 2497 3565 ,,,,,,,,,,
2513 3477 2607 3523 E

25 3572 49 3604 ’·
105 3661 110 3664 ᾖ
191 3576 274 3636 sit
301 3578 382 3637 ad
415 3581 683 3658 spatium
709 3581 795 3639 H
811 3581 884 3651 G,
910 3580 1386 3639 describendum
1787 3564 1882 3572 ”””””
1889 3577 1920 3612 ¹³
2331 3571 2382 3611 B.

192 3693 231 3732 a
259 3673 536 3753 cylindro
567 3678 828 3737 cadente
859 3677 1009 3736 dum
1039 3675 1433 3737 velocitatem
1470 3695 1646 3733 suam
1692 3674 1966 3752 acquirit,
2000 3684 2069 3730 ut
2111 3672 2196 3729 H
2211 3670 2270 3729 G
2297 3671 2375 3728 ad
2420 3669 2529 3733 {A
2551 3670 2627 3728 B.

194 3769 335 3831 Sint
379 3774 565 3834 etiam
615 3775 672 3834 C
686 3776 755 3834 F
789 3773 850 3833 &
892 3775 1048 3833 DF
1081 3795 1258 3833 arcus
1304 3773 1404 3831 alii
1449 3771 1575 3830 duo
1621 3769 1967 3848 parabolici,
2001 3789 2117 3827 axe
2169 3768 2224 3826 C
2234 3768 2304 3825 D
2348 3766 2406 3825 &
2441 3764 2630 3826 latere
