2852 4250
226 110 348 187 368
1058 110 1177 161 DE
1209 110 1330 161 Mo
1337 110 1448 161 TU
1481 110 1787 162 CORPOR
1800 111 1924 164 ΠΜ

229 283 318 380 Ῑ-;
388 304 451 367 &
508 304 738 366 virium
800 303 1158 367 differentia
1215 305 1298 366 ad
1360 303 1552 366 medii
1612 305 1746 366 vim
1807 302 2129 368 elasticam
2191 307 2592 387 mediocrem,
2661 326 2734 376 ut

219 376 282 437 V
785 445 1239 506 ἨΛ-ΚΝ
2046 472 2069 512 1
2478 478 2486 484 ·

219 529 1802 621 W-L—ffm
1870 497 1954 560 ³⁶¹
2031 548 2111 630 ἢ·
2254 501 2405 567 *¹00
2478 519 2592 579 θεῖ’
2659 519 2732 569 ¹¹¹³

215 654 455 811 HLV—
433 653 645 811 VKN
673 695 755 757 ad
789 674 868 824 ἐ,
902 694 1040 756 sive
1089 707 1160 756 ut
1207 695 1296 755 H
1304 695 1446 756 L
1460 695 1541 755 K
1551 695 1639 755 N
1680 695 1764 757 ad
1815 696 1895 771 V,
1929 697 1980 759 si
2013 699 2208 763 modo
2266 700 2375 785 (ob
2422 717 2732 787 angustos

211 850 443 912 limites
474 848 929 932 vibrationum)
965 871 1404 931 supponamus
1435 851 1586 911 HL
1623 850 1685 912 &
1715 852 1799 912 K
1799 852 1888 913 N
1918 851 2247 919 indefinite
2278 858 2557 922 minores
2589 882 2733 923 esse

211 951 566 1031 quantitate
600 951 678 1012 V.
776 949 995 1029 Quare
1045 972 1190 1011 cum
1240 950 1563 1032 quantitas
1615 951 1677 1011 V
1727 951 1929 1025 detur,
1964 953 2325 1019 differentia
2371 959 2602 1021 virium
2633 974 2733 1023 est

210 1062 282 1110 ut
310 1050 717 1125 HL-KN,
753 1049 873 1111 hoc
905 1062 1005 1111 est
1040 1049 1148 1133 (ob
1179 1048 1685 1131 proportionales
1717 1051 2125 1116 HL—KN
2147 1057 2230 1118 ad
2262 1058 2443 1134 HK
2480 1058 2541 1121 &
2578 1060 2744 1122 OM
2795 1038 2798 1042 ⁵

209 1149 292 1210 ad
329 1150 445 1211 Ol
466 1148 569 1211 vel
607 1151 748 1223 ΟΡ,
782 1150 1097 1232 datasque
1129 1151 1299 1212 HK
1325 1150 1387 1212 8ι
1423 1150 1577 1234 OP)
1613 1164 1685 1212 ut
1720 1152 1885 1213 OM
1891 1179 1916 1225 ,·
1956 1154 2020 1216 id
2045 1169 2159 1230 est,
2194 1158 2247 1219 si
2282 1159 2395 1240 Ff
2410 1160 2731 1225 bisecetur

213 1249 276 1310 in
329 1248 396 1322 Ω,
452 1262 522 1312 ut
573 1248 694 1332 Ωφ.
795 1251 885 1312 Et
930 1251 1161 1313 eodem
1214 1264 1595 1334 argumento
1648 1251 2007 1317 differentia
2051 1257 2282 1320 virium
2325 1258 2727 1325 elasticarum

206 1364 594 1433 punctorum
649 1351 1056 1432 physicorum
1122 1378 1148 1410 ε
1197 1351 1259 1413 8ι
1308 1376 1367 1430 7,
1403 1352 1465 1413 in
1505 1352 1710 1414 reditu
1749 1352 1999 1419 lineolae
2044 1357 2326 1440 physicae
2371 1386 2460 1440 εγ
2513 1375 2611 1425 est
2656 1377 2728 1426 ut

208 1449 329 1534 Ωφ.
424 1452 557 1514 Sed
590 1452 947 1515 differentia
985 1452 1089 1515 illa
1124 1452 1213 1537 (id
1264 1466 1378 1526 est,
1413 1475 1713 1516 excessus
1760 1456 1858 1517 vis
1908 1454 2184 1520 elasticae
2230 1462 2450 1541 puncti
2480 1489 2506 1520 ε
2535 1485 2769 1546 supra.r

205 1551 338 1613 vim
375 1550 699 1614 elasticam
744 1554 961 1634 puncti
1005 1554 1072 1638 γ)
1110 1568 1208 1616 est
1252 1554 1351 1616 vis
1401 1577 1528 1636 qua
1575 1556 1902 1639 interjecta
1948 1559 2140 1621 medii
2189 1558 2420 1625 lineola
2463 1564 2729 1647 physica

203 1678 281 1731 εγ
312 1652 698 1715 acceleratur
745 1654 807 1715 in
859 1655 948 1715 itu
1000 1654 1062 1716 &
1114 1655 1472 1717 retardatur
1517 1656 1579 1717 in
1628 1657 1835 1718 reditu
1858 1682 1870 1732 ;
1938 1658 2000 1720 &
2047 1674 2387 1742 propterea
2417 1665 2516 1725 vis
2548 1687 2722 1728 acce-

203 1752 461 1815 leratrix
491 1753 740 1816 lineolae
772 1754 1053 1835 physicae
1085 1780 1187 1833 εγ,
1222 1768 1320 1817 est
1353 1768 1422 1817 ut
1455 1756 1651 1837 ipsius
1687 1758 1991 1821 distantia
2035 1782 2073 1821 a
2105 1762 2319 1826 medio
2349 1765 2725 1829 vibrationis
2834 1824 2836 1832 ,

202 1852 342 1916 loco
375 1852 441 1917 Ω.
541 1854 817 1916 Proinde
874 1867 1127 1936 tempus
1188 1854 1329 1938 <per
1372 1878 1551 1937 prop.
1605 1877 1863 1919 xxxvm
1912 1858 2015 1923 lib.
2077 1860 2132 1945 1)
2169 1876 2339 1926 recte
2384 1867 2727 1948 exponitur
2833 1909 2839 1917 -

201 1977 317 2035 per
352 1976 568 2016 arcum
615 1956 783 2027 PI,·
848 1954 909 2016 &
963 1955 1155 2017 medii
1206 1977 1354 2036 pars
1403 1954 1658 2019 linearis
1697 1983 1784 2036 εγ
1816 1957 1959 2042 lege
1991 1963 2361 2044 praescripta
2410 1980 2706 2030 movetur

202 2054 266 2115 id
320 2067 434 2127 est,
490 2052 634 2137 lege
683 2053 1028 2116 oscillantis
1077 2054 1381 2136 penduli.
1451 2070 1678 2138 estque
1727 2080 1845 2140 par
1895 2061 2056 2123 ratio
2108 2064 2383 2144 partium
2436 2068 2721 2132 omnium

204 2152 536 2215 linearium
569 2176 650 2215 ex
682 2155 914 2235 quibus
949 2156 1231 2217 medium
1265 2169 1474 2218 totum
1507 2159 1925 2240 componitur.
2023 2161 2098 2237 Q.
2120 2163 2203 2225 E.
2218 2165 2305 2227 D.

320 2254 521 2315 Ceret.
580 2254 754 2316 Hinc
786 2268 964 2336 patet
1002 2257 1175 2337 quod
1225 2279 1526 2319 numerus
1572 2258 1871 2340 pulsuum
1904 2277 2402 2346 propagatorum
2436 2267 2606 2331 idem
2637 2259 2738 2334 sit·

197 2381 341 2421 cum
403 2380 669 2420 numero
729 2359 1159 2421 vibrationum
1222 2361 1504 2442 corporis
1565 2361 1834 2436 tremuli,
1888 2385 2098 2445 neque
2151 2365 2603 2449 multiplicatur
2654 2373 2717 2434 in

195 2482 415 2522 eorum
463 2481 822 2542 progressu.
923 2460 1095 2522 Nam
1152 2459 1383 2523 lineola
1436 2461 1703 2544 physica
1732 2488 1824 2542 εγ,
1859 2466 2334 2546 quumprimum
2371 2471 2470 2531 ‘ad
2507 2470 2716 2535 locum

194 2583 379 2623 suum
440 2561 715 2641 primum
778 2560 1053 2637 redierit,
1118 2561 1405 2642 quiescet
1431 2586 1443 2635 ;
1522 2584 1732 2644 neque
1792 2564 2096 2647 deinceps
2156 2569 2533 2644 movebitur,
2596 2574 2716 2636 nisi

194 2660 295 2722 vel
329 2661 410 2722 ab
442 2661 682 2741 impetu
730 2662 1011 2742 corporis
1057 2660 1325 2734 tremuli,
1360 2662 1464 2724 vel
1511 2663 1592 2724 ab
1640 2664 1880 2745 impetu
1913 2665 2209 2746 pulsuum
2243 2671 2351 2751 qui
2382 2694 2421 2733 a
2451 2695 2716 2756 corpore

194 2759 464 2822 tremulo
526 2775 976 2843 propagantur,
1034 2776 1211 2825 motu
1266 2784 1439 2825 novo
1499 2764 1752 2827 cieatur.
1880 2766 2187 2846 Quiescet
2255 2771 2448 2855 igitur
2513 2795 2711 2856 quum

194 2861 469 2941 primum
501 2859 722 2942 pulsus
747 2883 786 2922 a
816 2883 1082 2943 corpore
1115 2861 1406 2925 tremulo·
1418 2865 1759 2947 propagari
1791 2865 2107 2931 desinunt.

252 3151 896 3216 PROPOSITIO
977 3155 1359 3219 XLVIII.
1488 3158 2103 3223 THEOREMA
2186 3163 2660 3232 XXXVIII.

183 3298 505 3358 Pulsuum
558 3297 629 3358 in
660 3298 878 3379 fluido
929 3300 1171 3361 elastico
1206 3309 1715 3384 propagatorum
1775 3306 2115 3369 velocitates
2156 3317 2311 3370 sunt
2351 3310 2421 3371 in
2467 3313 2712 3375 ratione

274 3398 606 3478 composita
637 3420 714 3459 ex
739 3400 1177 3480 subduplicata
1209 3404 1456 3464 ratione
1483 3404 1577 3466 vis
1611 3406 2129 3470 elasticae-directe
2159 3412 2243 3477 &³
2271 3413 2706 3494 subduplicata

271 3497 519 3558 ratione
588 3497 915 3559 densitatis
960 3499 1227 3561 inverse
1241 3528 1267 3573 ,·
1361 3504 1424 3564 si
1485 3505 1660 3566 modo
1689 3505 1907 3587 fluidi
1961 3510 2056 3572 vis
2125 3512 2374 3574 elastica
2438 3515 2702 3596 ejusdem

267 3597 730 3659 condensationi
754 3599 1260 3678 proportionalis
1302 3624 1418 3663 esse
1458 3612 1869 3685 supponatur.

299 3765 436 3828 Cas.
483 3787 530 3828 1.
582 3765 653 3828 Si
708 3766 920 3828 media
979 3766 1107 3828 sint
1158 3767 1576 3852 homogenea,
1634 3773 1696 3835 8c
1755 3773 2054 3856 pulsuum
2114 3778 2435 3842 distantiae
2485 3781 2548 3842 in
2597 3780 2696 3844 his

179 3866 404 3928 mediis
437 3878 773 3948 aequentur
803 3866 967 3943 inter
995 3888 1082 3940 se,
1116 3868 1231 3929 sed
1264 3883 1475 3931 motus
1523 3872 1583 3932 in
1632 3895 1760 3936 uno
1792 3876 2007 3939 medio
2039 3877 2346 3942 intensior
2374 3881 2457 3942 sit
2484 3905 2496 3944 :
2543 3903 2690 3945 con-

2843 3451 2852 3526 ς
