2852 4250
197 116 328 174 '240
1019 98 1134 147 DE
1167 96 1405 147 MOTU
1436 94 1877 146 CORPORUM

201 260 582 346 rectangulis
633 263 691 324 C
706 261 795 339 D,
835 263 994 325 CH
1027 262 1380 343 descriptae,
1413 258 1806 322 occurrentia
1837 258 1899 319 in
1930 260 2011 333 B,
2042 259 2103 336 k,
2137 261 2178 333 l,
2212 282 2291 334 m,
2326 260 2437 326 &c.
2473 262 2536 326 &
2580 265 2701 328 erit

199 364 350 424 AB
378 362 461 424 ad
491 362 616 424 Kk
645 375 716 424 ut
750 363 892 424 CK
914 362 996 423 ad
1035 363 1186 435 CA,
1222 361 1283 422 &
1313 359 1568 421 divisim
1613 358 1975 420 AB—Kk
2018 360 2099 420 ad
2144 360 2271 422 Kk
2299 375 2370 423 ut
2411 364 2580 425 AK
2615 366 2698 427 ad

206 465 367 536 CA,
403 463 464 524 &
494 463 771 534 vicissim
801 464 871 524 A
896 462 1182 523 B—Kk
1211 461 1292 522 ad
1323 461 1392 521 A
1418 460 1593 520 Kut
1636 458 1770 518 Kk
1809 458 1891 519 ad
1943 460 2104 533 CA,
2139 460 2413 543 ideoque
2443 477 2514 525 ut
2541 465 2612 525 A
2636 466 2703 526 B

221 583 263 624 ><
285 562 402 623 Kk
431 562 512 624 ad
542 549 685 623 'AB
708 583 749 624 ><
778 563 918 625 CA.
1017 561 1229 635 Unde,
1263 582 1405 621 cum
1437 558 1601 619 AK
1627 557 1689 618 &
1718 558 1870 618 AB
1892 577 1932 618 ><
1963 558 2091 619 CA
2127 558 2372 634 dentur,
2407 564 2524 624 erit
2553 566 2705 626 AB

210 663 409 724 —Kk
438 675 508 724 ut
536 664 686 724 AB
709 683 750 724 ><
779 662 945 735 ΚΑ·
990 660 1052 722 &
1082 659 1319 731 ultimo,
1352 658 1459 719 ubi
1492 668 1722 718 coeunt
1750 657 1902 718 AB
1933 656 1993 718 &
2026 657 2163 731 Kk,
2196 672 2267 720 ut
2295 661 2506 744 ABq.
2613 663 2704 726 Et

197 761 384 823 simili
416 775 791 845 argumento
823 775 1007 823 erunt
1036 760 1348 831 Kk-Ll,
1383 758 1729 831 Ll—Mm,
1766 756 1878 819 &c
1915 771 1986 820 ut
2014 759 2097 820 K
2097 760 2141 821 k·
2167 761 2350 842 quad.
2387 762 2495 824 Ll
2515 765 2699 845 quad.

199 861 310 923 &e
405 862 747 924 Linearum
801 862 991 944 igitur
1040 862 1109 922 A
1134 861 1215 932 B,
1248 859 1331 919 K
1340 858 1397 931 k,
1431 857 1491 917 L
1515 857 1557 933 l,
1586 857 1682 917 M
1698 878 1762 917 m
1814 858 2125 938 quadrata
2169 873 2318 921 sunt
2362 874 2434 923 ut
2477 884 2699 926 earun-

195 961 344 1022 dem
425 962 831 1036 differentiae;
923 961 985 1022 &
1060 959 1306 1032 idcirco,
1376 979 1519 1019 cum
1595 956 1906 1038 quadrata
1988 957 2397 1021 velocitatum
2471 962 2704 1028 fuerint

193 1060 383 1122 etiam
417 1074 486 1122 ut
532 1061 809 1141 ipsarum
855 1061 1243 1133 differentiae,
1277 1057 1496 1120 similis
1543 1057 1662 1119 erit
1705 1058 2035 1119 ambarum
2081 1061 2457 1142 progressio,
2554 1064 2703 1145 Quo

193 1159 641 1233 demonstrato,
676 1182 1073 1242 consequens
1105 1173 1203 1222 est
1243 1160 1434 1222 etiam
1477 1172 1546 1220 ut
1590 1196 1643 1251 Η]

192 1282 356 1321 areae
389 1260 486 1321 his
517 1258 696 1321 lineis
742 1260 1078 1342 descriptae
1125 1261 1252 1322 sint
1288 1261 1349 1321 in
1400 1282 1542 1341 pro-

192 1360 521 1443 gressione
569 1359 877 1423 consimili
932 1384 1075 1423 cum
1122 1362 1343 1443 spatiis
1397 1383 1542 1442 quae
1600 1378 1604 1381 ·

192 1459 632 1522 velocitatibus
678 1462 1134 1524 describuntur.
1263 1462 1442 1545 Ergo
1487 1463 1540 1523 si

195 1559 498 1624 velocitas
553 1563 729 1625 initio
777 1564 961 1644 primi
1017 1564 1321 1644 temporis
1366 1565 1437 1624 A
1466 1565 1549 1624 K

191 1676 546 1742 exponatur
597 1685 711 1743 per
755 1661 986 1724 lineam
1031 1665 1101 1724 A
1130 1665 1211 1737 B,
1258 1663 1319 1725 8c
1365 1663 1538 1727 velo-

192 1761 347 1822 citas
397 1762 574 1823 initio
622 1763 884 1824 secundi
933 1764 1016 1824 K
1026 1764 1087 1824 L
1140 1786 1255 1845 per
1306 1764 1538 1829 lineam

189 1862 273 1921 K
282 1862 341 1937 k,
426 1861 487 1922 &
556 1860 889 1945 longitudo
965 1864 1172 1944 primo
1249 1879 1539 1949 tempore

189 1960 507 2042 descripta
536 1984 652 2043 per
698 1985 911 2024 aream
955 1965 1026 2024 A
1055 1966 1138 2026 K
1147 1966 1190 2027 k
1210 1967 1319 2041 B,·
1364 1967 1536 2031 velo-

189 2062 410 2123 citates
470 2085 691 2125 omnes
762 2065 1226 2146 subsequentes
1298 2090 1535 2151 expon-
1605 2065 1640 2105 Ο
2344 2067 2348 2068 7
2554 2078 2597 2118 D

186 2174 374 2223 entur
445 2185 559 2243 per
631 2162 827 2225 lineas
902 2166 1367 2249 subsequentes
1441 2173 1503 2233 L
1540 2174 1578 2246 l,
1669 2175 1767 2235 M
1785 2197 1863 2248 m,
1938 2175 2051 2238 &e
2134 2176 2196 2238 &
2268 2175 2700 2261 longitudines

184 2261 518 2342 descriptae
564 2285 680 2344 per
723 2287 902 2326 areas
947 2267 1030 2327 K
1035 2268 1075 2340 l,
1123 2269 1276 2343 Lm,
1327 2270 1439 2334 &c
1547 2274 1637 2336 Et
1682 2277 2048 2358 composite,
2097 2278 2149 2339 si
2196 2291 2449 2360 tempus
2495 2293 2698 2342 totum

185 2377 541 2444 exponatur
613 2387 729 2445 per
801 2388 1116 2429 summam
1199 2373 1473 2451 partium
1541 2397 1798 2437 suarum
1879 2378 1950 2438 A
1986 2379 2088 2452 M,
2150 2377 2485 2462 longitudo
2561 2394 2699 2444 tota

184 2462 501 2544 descripta
531 2479 887 2545 exponetur
916 2489 1031 2548 per
1060 2491 1375 2532 summam
1423 2475 1696 2554 partium
1743 2498 1999 2538 suarum
2040 2479 2110 2539 A
2134 2479 2231 2539 M
2244 2502 2307 2541 m
2329 2480 2409 2542 B.
2529 2481 2697 2543 Con-

185 2563 324 2643 cipe
345 2564 480 2645 jam
513 2578 765 2646 tempus
805 2567 875 2628 A
902 2568 1000 2628 Μ
1030 2568 1117 2630 ita
1164 2570 1365 2633 dividi
1417 2574 1478 2634 in
1529 2589 1743 2656 partes
1790 2578 1861 2638 A
1886 2579 1976 2651 K,
2018 2579 2099 2640 K
2110 2579 2191 2652 L,
2242 2581 2428 2653 LM‚
2463 2580 2574 2645 &o
2629 2594 2699 2643 ut

184 2663 310 2724 sint
339 2664 499 2737 CA,
540 2667 598 2727 C
607 2667 697 2739 K,
738 2667 887 2740 CL,
928 2668 1098 2743 CM,
1135 2670 1246 2735 &c
1298 2673 1359 2734 in
1415 2678 1863 2759 progressione
1909 2680 2333 2762 geometrica;
2400 2681 2462 2743 &
2514 2697 2700 2745 erunt

184 2775 396 2843 partes
428 2763 550 2826 illae
582 2766 644 2826 in
677 2767 903 2829 eadem
945 2772 1406 2852 progressione,
1443 2775 1504 2837 ἃ
1549 2775 1920 2840 velocitates
1964 2780 2034 2840 A
2060 2781 2140 2854 B,
2173 2781 2256 2842 K
2265 2780 2322 2854 k,
2354 2782 2416 2843 L
2440 2783 2481 2854 l,
2514 2783 2611 2843 M
2618 2805 2696 2855 m,

186 2862 297 2925 &o
332 2864 394 2924 in
443 2868 889 2949 progressione
935 2870 1162 2931 eadem
1211 2871 1479 2947 inversa,
1513 2888 1706 2958 atque
1752 2878 1960 2958 spatia
2006 2879 2327 2962 descripta
2372 2882 2443 2943 A
2466 2882 2524 2956 k,
2556 2883 2640 2944 K
2650 2884 2693 2959 l,

182 2963 244 3024 L
268 2985 346 3036 m,
382 2964 493 3027 &c
530 2966 814 3047 aequalia.
912 2970 987 3045 Q.
1003 2972 1085 3032 E.
1099 2972 1186 3034 D.
1456 3036 1458 3038 ,

304 3064 504 3126 Corol.
562 3087 608 3127 1.
680 3067 864 3129 Patet
915 3091 1070 3152 ergo
1116 3073 1305 3153 quod,
1361 3075 1413 3135 si
1469 3088 1722 3158 tempus
1774 3091 2133 3159 exponatur
2182 3102 2298 3161 per
2349 3083 2694 3164 asymptoti

182 3175 430 3242 partem
483 3167 777 3245 quamvis
828 3169 899 3228 A
927 3171 1013 3243 D,
1056 3171 1117 3232 &
1165 3171 1469 3236 velocitas
1524 3176 1587 3236 in
1641 3178 1951 3260 principio
2004 3181 2310 3261 temporis
2359 3203 2476 3262 per
2526 3183 2691 3245 ordi-

183 3263 381 3324 natim
433 3264 812 3345 applicatam
865 3269 935 3330 A
963 3270 1072 3344 B‚·
1138 3271 1440 3335 velocitas
1495 3275 1557 3336 in
1613 3276 1739 3339 fine
1799 3280 2104 3360 temporis
2165 3295 2523 3363 exponetur
2579 3305 2695 3365 per

181 3364 537 3426 ordinatam
589 3368 662 3427 D
690 3368 764 3441 G,
807 3368 868 3430 &
915 3371 1190 3451 spatium
1241 3386 1446 3436 totum
1492 3376 1880 3459 descriptum
1934 3402 2051 3461 per
2101 3403 2318 3444 aream
2373 3383 2690 3465 hyperbo-

177 3461 363 3526 licam
412 3466 810 3549 adjacentem
851 3471 921 3531 A
949 3473 1231 3546 BGD,·
1277 3496 1544 3548 necnon.
1573 3480 1865 3559 spatium,
1918 3482 2091 3563 quod
2146 3502 2378 3565 Corpus
2431 3483 2690 3567 aliquod

178 3565 406 3628 eodem
439 3580 726 3649 tempore
755 3570 825 3631 A
854 3572 940 3644 D,
975 3571 1311 3636 velocitate
1357 3577 1561 3657 prima
1604 3579 1674 3639 A
1699 3580 1778 3652 B,
1815 3580 1876 3641 in
1925 3582 2138 3645 medio
2180 3605 2306 3646 non
2355 3584 2690 3647 resistente

177 3665 534 3733 describere
564 3683 798 3750 posset,
832 3693 947 3753 per
977 3674 1412 3758 rectangulum
1443 3679 1513 3739 A
1542 3679 1609 3739 B
1631 3700 1672 3740 ><
1695 3681 1764 3740 A
1790 3682 1876 3743 D.

297 3767 496 3830 Corol.
559 3789 611 3830 2.
687 3769 883 3833 Unde
931 3772 1119 3835 datur
1167 3776 1443 3856 spatium
1498 3778 1561 3839 in
1622 3781 1835 3844 medio
1895 3782 2229 3846 resistente
2281 3784 2686 3866 descriptum,

174 3866 484 3946 capiendo
538 3866 689 3931 illud
742 3864 824 3933 ad
877 3874 1152 3954 spatium
1206 3877 1379 3957 quod
1425 3877 1764 3943 velocitate
1817 3882 2110 3945 uniformi
2155 3885 2225 3946 A
2254 3885 2322 3946 B
2367 3876 2428 3946 sn
2476 3885 2688 3947 medio
