2852 4250
1122 128 1125 130 ·
1163 114 1405 167 LIBER
1434 114 1747 167 PRIMUS
2515 121 2576 183 ··1
2590 138 2667 200 55

229 285 311 346 sit
347 296 419 345 ut
457 282 564 344 via
603 281 1013 344 describenda
1052 280 1118 341 T
1125 281 1208 352 R,
1239 276 1716 340 accelerationes
1760 276 2035 356 corporis
2076 276 2178 339 vel
2223 281 2669 345 retardationes

232 382 295 443 in
352 379 799 443 oscillationum
871 379 1133 440 duarum
1188 376 1463 459 (majoris
1522 375 1584 436 ἃ
1641 374 1918 455 minoris)
1975 377 2253 455 partibus
2325 381 2667 458 proportio-

232 477 473 540 nalibus
529 461 966 549 describendiS,
1025 488 1207 537 erunt
1275 495 1525 554 semper
1592 486 1664 534 ut
1733 485 1942 552 partes
2015 473 2150 558 illae,
2212 474 2273 535 &
2343 489 2671 555 propterea

1421 653 1464 689 A

224 2539 452 2600 facient
507 2554 577 2602 ut
633 2539 873 2621 partes‘
901 2539 1020 2602 illae
1078 2542 1258 2604 simul
1332 2544 1775 2606 describantur.
1913 2544 2194 2623 Corpora
2264 2553 2474 2602 autem
2533 2561 2675 2620 quae

223 2651 432 2718 partes
461 2639 609 2700 totis
638 2661 887 2720 semper
924 2642 1416 2721 proportionales
1460 2643 1643 2705 simul
1689 2644 2063 2714 describunt,
2096 2639 2278 2702 simul
2323 2640 2677 2701 describent

225 2748 406 2798 totas.
502 2736 574 2811 Q.
597 2738 678 2799 E.
706 2739 790 2799 D.

343 2833 540 2895 Corol.
585 2854 631 2895 1.
689 2834 858 2895 Hinc
887 2836 939 2896 si
984 2858 1209 2918 corpus
1265 2839 1332 2910 T,
1366 2837 1471 2901 filo
1501 2839 1817 2902 rectilineo

225 2929 297 2989 A
335 2930 400 2990 Τ
430 2951 469 2991 a
512 2944 725 2992 centro
767 2933 836 2992 A
892 2936 1192 3013 pendens
1239 2937 1550 2998 describat
1606 2959 1816 2998 arcum

226 3026 581 3088 circularem
627 3030 684 3088 S
713 3030 776 3089 T
783 3031 849 3090 R
874 3032 948 3106 Q,
997 3032 1056 3092 &
1102 3034 1338 3094 interea
1385 3048 1679 3116 urgeatur
1721 3058 1815 3096 se·

227 3125 499 3185 cundum
546 3125 741 3187 lineas
801 3128 1124 3208 parallelas
1168 3131 1461 3192 deorsum
1513 3154 1551 3193 a
1596 3134 1660 3193 vi
1707 3133 1814 3193 ali-

226 3243 365 3303 qua,
415 3245 556 3303 quae
615 3225 696 3285 sit
745 3226 825 3286 ad
871 3227 999 3287 vim
1058 3229 1428 3291 uniformem
1471 3233 1813 3312 gravitatis—3,

226 3333 297 3380 ut
338 3342 516 3381 arcus
573 3323 636 3382 T
647 3324 713 3383 R
763 3324 844 3384 ad
885 3326 1018 3406 ejus
1062 3327 1267 3388 sinum
1325 3330 1388 3389 T
1393 3330 1480 3390 N
1491 3356 1510 3392 .-
1553 3331 1819 3411 aequalia

226 3430 409 3478 erunt
495 3419 947 3482 oscillationum
1041 3424 1423 3506 singularum
1513 3440 1812 3508 tempora.

229 3514 483 3576 Etenim
514 3518 596 3578 ob
626 3518 947 3598 parallelas
991 3522 1055 3581 T
1060 3523 1134 3594 Z,
1165 3524 1234 3583 A
1257 3525 1340 3595 R,
1373 3525 1595 3586 similia
1638 3540 1821 3588 erunt

225 3611 535 3693 triangula
561 3615 630 3673 A
671 3615 836 3687 TN,
882 3618 946 3676 Z
975 3618 1039 3678 T
1057 3620 1156 3691 K·
1200 3619 1261 3680 &
1305 3637 1636 3702 propterea
1691 3627 1755 3686 T
1759 3626 1823 3686 Z

226 3709 343 3769 erit
392 3710 472 3769 ad
522 3712 592 3771 A
633 3712 800 3773 Tut
867 3715 1019 3774 ΤΥ
1059 3716 1140 3777 ad
1205 3718 1399 3790 TN‚·
1442 3721 1560 3782 hoc
1604 3736 1718 3797 est,
1765 3725 1816 3784 si
1907 3719 1945 3759 Z

226 3805 551 3884 gravitatis
580 3807 677 3868 vis
706 3809 1030 3873 uniformis
1059 3829 1409 3894 exponatur
1450 3839 1565 3898 per
1603 3818 2059 3903 longitudinem
2095 3824 2306 3885 datam
2352 3825 2421 3885 A
2461 3824 2528 3896 Τ,
2574 3824 2671 3885 vis
