2846 4224
154 130 251 204 86,
978 130 1096 180 DE
1129 129 1363 202 MQTU
1398 127 1705 180 CORPOR
1716 128 1832 178 ΠΜ

409 367 1054 431 PROPOSITIO
1127 365 1427 428 XXIV.
1548 362 2126 426 PROBLEMA
2199 363 2419 428 XVI.

168 523 233 584 T
224 516 622 606 rayectoriam
664 522 1007 598 describere,
1039 543 1180 604 quae
1219 519 1523 583 transibit
1545 527 1676 601 per
1714 517 1867 580 dala
1909 517 2044 581 tria
2063 525 2324 600 puncta,
2362 520 2447 587 (ξδ’
2477 526 2672 584 rectas

889 636 1049 698 duas
1060 635 1373 718 positione
1396 634 1582 696 datas
1608 632 1933 715 continget.

280 793 534 854 Dentur
577 803 917 873 tangentes
962 791 1052 852 H
1059 791 1117 865 J,
1161 791 1245 851 J<
1254 791 1315 851 L
1362 788 1424 851 ἃ
1454 801 1693 870 puncta
1720 789 1802 861 B,
1834 787 1903 862 C,
1935 789 2022 852 D.
2118 788 2243 852 Per
2284 803 2671 872 punctorum

159 893 290 955 duo
343 893 587 974 quaevis
639 893 720 965 B,
766 893 840 953 D
883 913 1004 975 age
1050 904 1285 954 rectam
1332 890 1641 952 infinitam
1684 890 1844 952 BD
1886 889 2298 973 tangentibus
2342 913 2672 956 occurren-

157 1006 289 1055 tem
321 993 383 1054 in
415 992 665 1073 punctis
695 992 790 1064 H,
823 992 911 1055 K.
1009 991 1264 1054 Deinde
1309 992 1502 1053 etiam
1549 1013 1663 1072 per
1706 988 1831 1052 alia
1873 990 2004 1053 duo
2049 991 2296 1072 quaevis
2343 991 2411 1066 C,
2443 993 2518 1054 D
2550 1014 2676 1077 age

161 1093 468 1154 infinitam
521 1094 579 1155 C
589 1094 663 1154 D
707 1093 1115 1176 tangentibus
1162 1104 1596 1155 occurrentem
1644 1091 1706 1152 in
1753 1091 2004 1173 punctis
2049 1092 2107 1165 l,
2154 1092 2236 1155 L.
2298 1091 2540 1154 xAetas
2586 1093 2678 1156 ita

162 1216 307 1256 seca
339 1195 401 1255 in
432 1194 501 1254 R
533 1193 594 1255 &
626 1194 693 1266 S,
728 1206 798 1254 ut
828 1194 910 1255 sit
939 1194 1105 1255 HR
1135 1192 1217 1254 ad
1253 1192 1415 1253 KR
1459 1204 1530 1253 ut
1574 1204 1673 1254 est
1718 1192 1931 1254 media
1974 1190 2465 1274 proportionalis
2511 1192 2678 1256 inter

159 1295 334 1356 BH
385 1294 446 1356 &
505 1295 676 1355 HD
734 1295 816 1356 ad
878 1294 1155 1356 mediam
1200 1291 1740 1375 proportionalem
1794 1293 1959 1355 inter
2008 1293 2075 1354 B
2091 1293 2175 1354 K
2220 1292 2283 1355 &
2340 1293 2424 1354 K
2433 1294 2552 1367 D,·
2611 1293 2676 1356 8t.

158 1395 279 1456 IS
318 1394 400 1455 ad
445 1395 507 1456 L
533 1395 591 1455 S
629 1407 699 1456 ut
743 1408 841 1456 est
886 1395 1098 1457 media
1141 1393 1630 1476 proportionalis
1674 1395 1837 1456 inter
1877 1394 1997 1456 CI
2027 1393 2090 1456 &
2119 1394 2253 1455 ID
2281 1393 2365 1456 ad
2395 1394 2675 1457 mediam
2719 1423 2753 1451 .·
2819 1423 2823 1428 -

155 1493 691 1576 proportionalem
739 1495 904 1557 inter
954 1496 1084 1558 CL
1137 1495 1199 1557 &
1244 1496 1415 1558 LD.
1510 1495 1676 1558 Seca
1711 1509 1927 1558 autem
1964 1516 2082 1577 pro
2121 1492 2325 1556 lubitu
2361 1492 2467 1558 vel
2511 1495 2677 1558 inter

156 1609 391 1676 puncta
433 1596 517 1657 K
554 1596 616 1658 8c
659 1597 754 1669 H,
802 1598 853 1658 J
891 1596 952 1659 &
997 1598 1078 1669 L,
1127 1595 1230 1659 vel
1269 1610 1451 1659 extra
1495 1597 1724 1659 eadem
1747 1622 1760 1673 ;
1807 1596 1957 1659 dein
2002 1617 2126 1680 age
2170 1597 2239 1658 R
2259 1595 2318 1658 S
2349 1610 2675 1659 secantem

156 1708 492 1779 tangentes
525 1697 587 1758 in
618 1698 688 1758 A
727 1697 789 1759 &
818 1699 897 1770 P,
934 1698 995 1760 &
1041 1711 1226 1760 erunt
1271 1699 1340 1759 A
1394 1698 1456 1760 &
1500 1700 1567 1760 P
1610 1712 1848 1781 puncta
1892 1710 2318 1762 contactuum.
2414 1697 2589 1760 Nam
2620 1698 2675 1761 si

154 1796 223 1857 A
276 1796 339 1858 &
381 1797 447 1857 P
489 1812 934 1879 supponantur
977 1821 1119 1863 esse
1166 1814 1402 1883 puncta
1447 1814 1852 1864 contactuum
1891 1798 2120 1863 alicubi
2159 1799 2222 1861 in
2260 1800 2675 1883 tangentibus
2798 1843 2800 1845 -

154 1896 310 1972 sita;
361 1897 423 1959 8c
467 1920 583 1979 per
626 1913 1004 1981 punctorum
1049 1902 1144 1975 H,
1178 1903 1235 1975 J,
1268 1903 1358 1975 K,
1392 1903 1453 1964 L
1504 1901 1780 1985 quodvis
1825 1902 1883 1977 J,
1919 1901 1983 1964 in
2029 1913 2336 1985 tangente
2372 1898 2677 1963 alterutra
2796 1903 2800 1962 J

155 1997 244 2057 H
251 1998 302 2058 l
324 1998 532 2071 situm,
567 2013 796 2081 agatur
826 2014 998 2063 recta
1034 2002 1084 2062 J
1105 2003 1173 2063 Υ
1201 2015 1337 2064 tan-

152 2099 328 2180 genti
375 2098 553 2161 alteri
603 2102 686 2162 K
701 2103 761 2163 L
819 2101 1136 2183 parallela‚
1194 2125 1338 2185 quae

153 2213 437 2261 occurrat
473 2222 685 2263 curvae
733 2203 795 2263 in
842 2203 920 2263 X
957 2202 1019 2264 &
1066 2204 1138 2276 Υ,
1175 2203 1236 2266 Sc
1275 2204 1336 2265 in

153 2320 229 2360 ea
281 2313 569 2362 sumatur
618 2302 744 2363 [Ζ
801 2302 1014 2364 media
1074 2325 1336 2385 propor-

153 2399 403 2461 tionalis
450 2402 614 2464 inter
663 2404 801 2464 IX
855 2403 916 2465 ἃ
967 2405 1019 2465 [
1040 2405 1142 2467 Υ.·
1202 2405 1335 2477 erit,

152 2522 233 2561 ex
293 2502 541 2575 coniciS‚
605 2503 1041 2588 rectangulum
1106 2506 1255 2566 XI
1282 2474 1427 2566 Υς

153 2623 263 2662 seu
309 2604 434 2664 [Ζ
473 2605 656 2685 quad.
708 2606 790 2667 ad
844 2607 994 2667 LP
1035 2607 1218 2688 quad.
1270 2621 1341 2668 ut

154 2702 587 2785 rectangulum
642 2706 699 2767 C
709 2707 759 2766 J
770 2707 843 2766 D
886 2706 967 2767 ad
1007 2720 1336 2790 rectangu-

152 2799 283 2861 lum
334 2803 392 2863 C
403 2803 464 2862 L
487 2805 573 2876 D,
609 2804 671 2865 id
718 2819 816 2867 est
852 2804 991 2888 (per
1019 2820 1337 2868 construc-

154 2900 415 2984 tionem)
451 2916 521 2964 ut
552 2905 656 2964 Sl
675 2907 859 2987 quad.
895 2907 976 2968 ad
1004 2908 1117 2969 SL
1151 2910 1335 2990 quad.

151 3014 346 3082 atque
379 3003 522 3065 ideo
553 3006 678 3065 [Ζ
713 3007 793 3066 ad
826 3008 975 3068 LP
1004 3022 1074 3069 ut
1110 3010 1339 3071 Slad

152 3102 209 3162 S
222 3103 303 3164 L.
397 3104 624 3184 Jacent
648 3129 801 3190 ergo
825 3122 1059 3188 puncta
1083 3110 1150 3181 S,
1177 3111 1255 3182 P,
1280 3111 1345 3171 Z

158 3203 218 3263 in
252 3226 378 3265 una
409 3219 594 3268 recta.
696 3208 891 3270 Porro
924 3210 1331 3292 tangentibus
1364 3216 1930 3278 concurrentibus
1915 3239 1977 3279 m
2016 3218 2091 3292 G,
2125 3217 2246 3281 erit
2279 3217 2386 3303 (ex
2409 3217 2670 3303 conicis)

154 3305 592 3388 rectangulum
622 3308 771 3368 XI
793 3310 861 3369 Υ
880 3331 993 3371 seu
1025 3311 1151 3371 [Ζ
1173 3312 1357 3392 quad.
1392 3313 1474 3374 ad
1505 3315 1555 3374 I
1565 3316 1635 3376 A
1670 3318 1855 3398 quad.
1891 3332 1962 3381 ut
2003 3320 2148 3382 GP
2174 3321 2359 3402 quad.
2391 3321 2476 3383 ad
2512 3321 2667 3384 GA

149 3405 334 3485 quad.
371 3406 645 3488 ideoque
675 3409 802 3469 [Ζ
828 3409 910 3469 ad
941 3410 1072 3470 [Α
1110 3423 1181 3471 ut
1217 3412 1359 3473 GP
1388 3413 1471 3474 ad
1508 3415 1570 3476 G
1590 3416 1684 3478 A.
1775 3418 2005 3499 Jacent
2048 3443 2205 3505 ergo
2234 3435 2471 3504 puncta
2499 3423 2580 3498 Ρ,
2610 3422 2676 3484 Ζ

152 3503 215 3565 ἃ
244 3505 368 3566 A
352 3528 414 3566 1n
447 3528 574 3568 una
615 3521 802 3582 recta,
840 3509 1113 3591 ideoque
1155 3525 1391 3592 puncta
1424 3514 1490 3588 S,
1522 3516 1589 3576 Ρ
1619 3515 1681 3578 &
1709 3519 1781 3580 A
1833 3521 2077 3583 suntin
2123 3543 2252 3585 una
2295 3536 2484 3587 recta.
2580 3522 2678 3586 Et

151 3605 382 3667 eodem
435 3622 815 3691 argumento
861 3610 1233 3692 probabitur
1276 3614 1450 3695 quod
1494 3630 1733 3697 puncta
1759 3620 1858 3694 R
1904 3613 1971 3684 P
2015 3622 2078 3685 &
2120 3625 2192 3686 A
2242 3638 2395 3687 sunt
2437 3625 2501 3688 in
2545 3645 2677 3687 una

149 3718 335 3769 recta.
413 3708 642 3789 Jacent
683 3710 874 3793 igitur
916 3724 1151 3792 puncta
1196 3727 1599 3779 contactuum
1630 3719 1702 3781 A
1740 3719 1802 3782 &
1830 3723 1942 3783 P
1926 3745 1989 3785 1n
2020 3737 2194 3787 recta
2221 3726 2291 3788 R
2315 3726 2386 3789 S.
2469 3726 2712 3790 Hisce

148 3821 387 3870 autem
410 3809 708 3883 inventis
744 3811 1103 3894 trajectoria
1136 3813 1539 3882 describetur
1583 3832 1677 3884 ut
1696 3820 1756 3882 in
1804 3844 1952 3884 casu
2001 3825 2242 3906 primo·
2258 3825 2671 3909 problematis

147 3908 502 3990 superioris
599 3911 672 3987 Q.
689 3911 769 3973 E.
787 3912 860 3973 F.
