2852 4250
955 92 959 95 ⁵
1034 129 1272 178 LIBER
1306 131 1614 180 SECUND
1627 133 1722 206 σε.
2484 162 2600 220 333

174 289 502 352 titudinem
531 288 580 347 I
600 287 674 358 G,
707 287 823 347 hoc
853 298 962 358 est,
997 287 1057 346 in
1103 288 1363 367 simplici
1409 291 1644 351 ratione
1689 294 1911 354 mediae
1962 299 2432 375 proportionalis
2475 305 2523 362 I
2544 306 2599 364 Ο

172 388 254 449 ἃᾶ
284 385 671 451 altitudinem
700 384 863 444 JG:
907 383 967 443 &
1014 405 1139 462 quo
1185 398 1463 463 tempore
1505 398 1685 466 gutta
1728 390 2010 452 cadendo
2054 395 2133 452 ab
2172 397 2221 453 J
2256 396 2602 461 describere
2681 400 2690 408 ⁴

172 497 380 566 potest
420 481 807 543 altitudinem
850 482 900 539 J
909 481 1004 554 H,
1051 503 1214 560 aqua
1257 483 1584 562 egrediens
1630 484 1884 563 aequalis
1936 487 2051 547 erit
2096 488 2378 567 cylindro
2429 497 2600 574 cujus

170 583 337 644 basis
381 593 478 641 est
520 577 778 639 circulus
821 579 889 637 A
913 579 979 636 B
1023 577 1083 636 &
1126 576 1387 638 altitudo
1431 593 1527 639 est
1575 601 1604 638 2
1639 582 1688 639 J
1699 582 1785 640 H
1796 608 1814 642 .·
1860 583 1919 641 &
1950 605 2074 662 quo
2105 598 2382 665 tempore
2425 605 2603 670 gutta

171 679 452 742 cadendo
498 678 578 737 ab
622 678 668 736 l
711 697 823 755 per
867 676 954 734 H
979 674 1059 734 ad
1095 675 1155 734 G
1196 675 1489 736 describit
1531 675 1923 738 altitudinum
1968 681 2374 744 differentiam
2418 688 2504 746 H
2523 690 2603 760 G,

169 799 333 856 aqua
362 775 704 857 egredienS,
738 773 799 832 id
831 784 940 843 est,
974 793 1136 850 aqua
1166 784 1297 831 tota
1328 773 1387 831 in
1420 773 1619 834 solido
1648 777 1715 834 A
1740 777 1804 835 B
1822 777 1906 835 N
1917 778 1987 836 F
1995 779 2063 837 E
2076 780 2168 837 M
2191 782 2445 860 aequalis
2490 786 2606 845 erit

36 871 41 906 ἶ
113 930 118 934 .
170 874 533 934 differentiae
564 870 997 951 cylindrorum,
1026 869 1086 928 id
1118 882 1230 942 est,
1257 869 1533 949 cylindro
1565 873 1736 953 cujus
1766 873 1930 932 basis
1962 865 2057 934 est
2085 878 2224 935 AB
2256 878 2315 937 &
2345 878 2603 941 altitudo

175 993 205 1031 2
232 973 319 1031 H
333 972 402 1032 Ο.
519 970 607 1030 Et
655 980 986 1048 propterea
1036 986 1200 1044 aqua
1246 979 1377 1027 tota
1424 969 1484 1027 in
1533 990 1683 1029 vase
1730 972 1796 1029 A
1822 972 1886 1029 B
1902 973 2053 1032 DC
2110 987 2205 1033 est
2251 976 2330 1034 ad
2378 998 2602 1056 aquam

166 1082 360 1130 totam
392 1068 716 1128 cadentem
749 1066 809 1124 in
841 1062 1040 1124 solido
1069 1064 1136 1122 A
1162 1065 1226 1122 B
1243 1065 1327 1123 N
1337 1066 1407 1123 F
1413 1066 1481 1124 E
1496 1067 1589 1125 M
1610 1080 1677 1126 ut
1706 1068 1865 1127 HG
1908 1069 1987 1128 ad
2023 1090 2052 1128 2
2087 1071 2174 1129 H
2188 1073 2257 1142 O,
2292 1073 2353 1131 id
2385 1086 2496 1148 est,
2531 1087 2599 1134 ut

170 1164 678 1232 H0÷0Gad
714 1163 939 1232 2HO‚
973 1182 1082 1220 seu
1113 1162 1458 1227 JH÷JO
1502 1163 1581 1222 ad
1617 1184 1646 1222 2
1682 1166 1831 1225 [H.
1954 1167 2082 1227 Sed
2131 1172 2373 1247 pondus
2425 1193 2603 1250 aquae

170 1265 357 1325 totius
410 1263 470 1322 in
522 1260 722 1322 solido
772 1260 839 1319 A
864 1259 928 1318 B
945 1260 1029 1318 N
1039 1260 1109 1318 F
1116 1260 1185 1319 E
1199 1261 1293 1318 M
1346 1260 1406 1319 in
1453 1283 1632 1340 aquae
1685 1262 2001 1323 defluxum
2063 1267 2481 1344 impenditur:
2528 1291 2599 1329 ac

170 1360 430 1441 proinde
461 1358 705 1439 pondus
749 1379 928 1437 aquae
973 1357 1162 1417 totius
1210 1358 1268 1416 in
1315 1379 1466 1417 vase
1513 1371 1608 1418 est
1651 1359 1730 1418 ad
1763 1362 2054 1438 ponderis
2087 1376 2325 1440 partem
2358 1386 2496 1442 quae
2543 1367 2603 1425 in

169 1458 485 1518 defluxum
532 1477 712 1535 aquae
761 1455 1150 1534 impenditur,
1201 1468 1270 1515 ut
1315 1457 1363 1513 l
1375 1457 1460 1514 H
1468 1458 1584 1522 4]
1601 1458 1655 1515 0
1700 1457 1779 1515 ad
1837 1478 1866 1515 2
1895 1459 1943 1516 J
1954 1460 2045 1528 Η,
2096 1472 2284 1538 atque
2339 1461 2478 1520 ideo
2538 1475 2606 1521 ut

169 1577 411 1615 summa
442 1552 803 1614 circulorum
833 1553 985 1611 EF
1021 1551 1080 1611 8ε
1110 1552 1177 1611 Α
1202 1553 1267 1610 Β
1310 1552 1388 1611 ἃᾶ
1422 1552 1679 1631 duplum
1711 1554 1999 1614 circulum
2030 1557 2187 1616 EF.

287 1635 480 1713 Corol.
532 1672 586 1727 4.
642 1651 728 1710 Et
775 1650 916 1709 hinc
964 1649 1210 1728 pondus
1258 1671 1438 1728 aquae
1488 1651 1676 1709 totius
1726 1652 1785 1711 in
1832 1675 1981 1712 vase
2025 1655 2091 1712 A
2119 1655 2182 1712 Β
2199 1656 2350 1714 DC
2387 1668 2482 1714 est
2525 1656 2603 1715 ad

169 1750 460 1830 ponderis
507 1762 747 1829 partem
795 1747 1050 1808 alteram
1103 1769 1292 1827 quam
1340 1748 1601 1807 fundum
1663 1751 1827 1808 vasis
1887 1751 2163 1821 sustinet,
2227 1764 2294 1810 ut
2366 1774 2606 1812 summa

167 1847 529 1908 circulorum
562 1848 629 1906 A
651 1848 717 1906 B
761 1846 820 1906 &
850 1847 918 1905 E
933 1847 1002 1905 F
1035 1846 1114 1905 ad
1147 1846 1559 1906 differentiam
1591 1848 1930 1908 eorundem
1969 1847 2345 1911 circulorum.

286 1947 479 2007 Corol.
534 1964 585 2022 5.
639 1945 727 2004 Et
770 1944 1063 2024 ponderis
1109 1965 1266 2022 parS,
1315 1966 1501 2023 quam
1549 1946 1808 2005 fundum
1854 1946 2019 2005 vasis
2065 1947 2341 2016 sustinet,
2389 1960 2483 2006 est
2527 1949 2605 2006 ad

69 2076 71 2078 ·
165 2043 458 2122 ponderis
516 2056 757 2122 partem
816 2040 1088 2112 alteram,
1144 2064 1284 2121 quae
1346 2044 1405 2102 in
1467 2044 1783 2103 defluxum
1844 2065 2022 2122 aquae
2084 2044 2472 2121 impenditur,
2538 2058 2605 2103 ut

167 2140 512 2200 differentia
542 2138 904 2200 circulorum
935 2141 1002 2200 A
1028 2141 1092 2199 B
1123 2140 1183 2200 ἃ
1213 2142 1356 2200 EF
1392 2142 1471 2200 ad
1504 2141 1761 2220 duplum
1795 2140 2083 2201 circulum
2118 2142 2415 2201 minorem
2447 2144 2515 2201 E
2529 2144 2602 2212 F,

164 2240 297 2299 sive
327 2252 395 2298 ut
424 2260 568 2298 area
597 2238 768 2298 fundi
802 2238 880 2297 ad
914 2237 1171 2317 duplum
1213 2239 1505 2301 foramen.

284 2338 478 2397 Corol.
530 2342 583 2396 6.
637 2337 937 2397 Ponderis
985 2350 1192 2396 autem
1243 2359 1402 2416 parS,
1451 2361 1573 2418 qua
1625 2338 1756 2398 sola
1791 2338 2051 2397 fundum
2097 2350 2362 2418 urgetur,
2397 2339 2599 2398 estad

166 2433 410 2513 pondus
439 2455 619 2514 aquae
651 2434 854 2505 totiuS,
887 2456 1027 2514 quae
1058 2435 1252 2496 fundo
1284 2435 1872 2515 perpendiculariter
1902 2436 2211 2505 incumbit,
2246 2449 2313 2494 ut
2344 2435 2602 2494 circulus

165 2534 322 2592 AB
363 2533 443 2592 ad
474 2554 780 2592 summam
812 2532 1175 2593 circulorum
1220 2536 1377 2594 AB
1422 2535 1481 2594 ἃ
1525 2536 1682 2607 EF,
1731 2535 1863 2592 sive
1909 2546 1976 2591 ut
2020 2531 2275 2591 circulus
2320 2534 2387 2590 A
2417 2534 2480 2591 Β
2522 2534 2604 2592 ἃᾶ

167 2652 489 2692 excessum
522 2630 693 2711 dupli
726 2630 928 2691 circuli
960 2632 1026 2690 A
1053 2633 1117 2691 B
1160 2654 1348 2711 supra
1378 2633 1653 2692 fundum.
1768 2631 1935 2689 Nam
1967 2630 2257 2708 ponderis
2290 2652 2447 2708 parS,
2484 2652 2606 2708 qua

166 2727 298 2788 sola
327 2728 586 2788 fundum
618 2741 887 2809 urgetur,
922 2742 1017 2789 est
1047 2730 1126 2789 ad
1159 2730 1403 2809 pondus
1435 2751 1615 2808 aquae
1647 2730 1833 2789 totius
1867 2729 1924 2787 in
1959 2749 2122 2797 vase,
2157 2741 2225 2786 ut
2260 2728 2606 2787 differentia

167 2824 528 2887 circulorum
586 2827 743 2886 AB
816 2826 875 2886 &
946 2827 1100 2886 EF
1150 2828 1228 2886 ad
1291 2849 1596 2886 summam
1657 2826 1995 2885 eorundem
2056 2823 2433 2895 circulorum,
2496 2846 2607 2903 per

168 2943 285 2982 cor.
336 2943 419 2999 4:
467 2924 526 2983 &
572 2924 817 3003 pondus
863 2946 1041 3003 aquae
1089 2927 1277 2985 totius
1325 2926 1383 2984 in
1431 2947 1581 2984 vase
1627 2938 1723 2983 est
1767 2925 1844 2983 ad
1900 2923 2143 3001 pondus
2195 2944 2373 3001 aquae
2419 2924 2605 2982 totius

119 3050 121 3052 v
167 3040 306 3099 quae
336 3021 529 3082 fundo
559 3021 1151 3101 perpendiculariter
1184 3023 1496 3092 incumbit,
1524 3035 1592 3081 ut
1622 3021 1879 3081 circulus
1910 3022 1976 3080 A
1995 3022 2058 3079 Β
2088 3021 2166 3079 ad
2198 3021 2603 3080 differentiam

166 3117 529 3180 circulorum
587 3121 655 3179 A
691 3121 755 3179 B
800 3120 866 3180 86
903 3122 971 3179 E
991 3122 1064 3180 F.
1192 3122 1412 3199 Itaque
1472 3142 1550 3179 ex
1625 3141 1808 3197 aequo
1883 3118 2253 3197 perturbate,
2316 3118 2604 3196 ponderis

166 3235 323 3294 parS‚
385 3238 509 3296 qua
558 3215 690 3278 sola
740 3217 1001 3277 fundum
1054 3230 1321 3297 urgetur,
1378 3230 1473 3276 est
1531 3216 1610 3275 ad
1671 3217 1915 3294 pondus
1968 3238 2147 3294 aquae
2208 3218 2409 3286 totius,
2465 3236 2602 3293 quae

165 3312 359 3374 fundo
417 3315 1005 3394 perpendiculariter
1079 3316 1393 3389 incumbit,
1456 3328 1524 3374 ut
1589 3312 1848 3373 circulus
1907 3315 1975 3372 A
2012 3314 2077 3371 Β
2147 3314 2226 3372 ἃᾶ
2301 3333 2603 3371 summam

166 3411 525 3473 circulorum
584 3414 651 3472 A
687 3415 752 3473 Β
818 3415 877 3472 &
943 3415 1010 3472 E
1030 3415 1099 3472 F
1154 3412 1252 3472 vel
1314 3433 1639 3472 excessum
1699 3410 1870 3489 dupli
1930 3408 2132 3469 circuli
2193 3410 2260 3468 A
2294 3411 2358 3468 Β
2407 3409 2605 3486 'supra

172 3509 450 3571 fundum.

265 3609 458 3670 Corol.
513 3626 561 3686 7.
612 3609 680 3669 Si
728 3610 788 3668 in
835 3609 1041 3668 medio
1085 3608 1402 3669 foraminis
1446 3608 1514 3666 E
1535 3608 1602 3665 F
1636 3604 1869 3665 locetur
1913 3602 2184 3663 circellus
2213 3602 2366 3674 PQ·
2398 3612 2606 3658 centro

174 3705 234 3764 G
277 3705 623 3786 descriptus
673 3707 732 3767 &
784 3707 1083 3767 horizonti
1132 3705 1499 3785 parallelus:
1547 3705 1790 3783 pondus
1849 3722 2027 3779 aquae
2088 3719 2272 3777 quam
2331 3693 2602 3755 circellus

172 3799 271 3861 ille
301 3804 578 3875 sustinet,
612 3805 809 3883 majus
841 3817 936 3863 est
970 3804 1245 3881 pondere
1277 3803 1473 3861 tertiae
1506 3801 1695 3879 partis
1741 3797 1996 3876 cylindri
2028 3817 2204 3873 aquae
2237 3793 2407 3871 cujus
2438 3791 2603 3849 basis

0 939 29 1079 Ξ
