2852 4250
206 182 326 256 362
1031 177 1148 225 DE
1181 176 1420 227 Mors]
1451 175 1758 227 CORPOR
1770 176 1894 227 UM

196 346 530 430 agitabunt
559 343 902 416 ulterioreS,
938 341 999 403 &
1029 342 1119 404 sic
1149 341 1452 422 deinceps
1484 341 1547 402 in
1581 341 1911 404 infinitum.
2040 341 2131 404 Et
2161 343 2704 424 quemadmodum

195 446 389 508 medii
420 458 634 528 partes
664 445 887 526 primae
933 442 1146 505 eundo
1191 441 1666 518 condensantur
1711 441 1774 503 &
1819 441 2149 505 redeundo
2193 441 2573 522 relaxantur,
2615 447 2706 510 sic
2793 517 2805 530 ·

193 560 407 628 partes
453 544 713 627 reliquae
758 543 1008 625 quoties
1053 554 1209 604 eunt
1252 540 1830 615 condensabuntur,
1881 540 1944 603 &
1980 542 2231 624 quoties
2262 543 2534 606 redeunt
2561 567 2706 609 sese

193 647 574 729 expandent.
702 644 792 706 Et
836 655 1173 725 propterea
1218 662 1345 703 non
1392 662 1616 704 omnes
1662 641 1844 704 ibunt
1896 642 1958 704 &
2006 642 2194 704 simul
2244 643 2542 707 redibunt
2589 645 2706 730 (sic

191 748 361 810 enim
409 744 860 808 determinatas
909 743 991 803 ab
1040 743 1312 803 invicem
1358 741 1694 803 distantias
1754 742 2090 816 servando,
2149 764 2277 806 non
2337 744 2706 810 rarefierent

192 847 253 909 &
284 846 824 909 condensarentur
852 863 968 922 per
1010 841 1209 923 vices)
1245 841 1359 903 sed
1406 842 1773 906 accedendo
1817 843 1900 905 ad
1947 843 2221 906 invicem
2266 844 2374 906 ubi
2421 846 2699 909 conden-

189 959 422 1019 santur,
473 944 534 1006 &
583 942 942 1004 recedendo
994 942 1102 1003 ubi
1157 941 1475 1018 rarefiunt,
1532 941 1763 1025 aliquae
1824 966 2043 1006 earum
2106 944 2288 1006 ibunt
2346 945 2501 1007 dum
2561 945 2702 1011 aliae

190 1047 492 1119 redeunt;
542 1044 734 1124 idque
765 1041 1010 1103 vicibus
1042 1040 1300 1103 alternis
1335 1042 1396 1102 in
1431 1041 1764 1105 infinitum.
1866 1044 2086 1106 Partes
2117 1058 2332 1106 autem
2364 1059 2589 1108 euntes
2639 1047 2702 1110 &

188 1146 400 1208 eundo
470 1144 895 1216 condensatae,
958 1143 1042 1204 ob
1118 1155 1363 1204 motum
1438 1164 1625 1203 suum
1700 1145 2198 1226 progressivum,
2262 1166 2392 1226 quo
2466 1143 2702 1210 feriunt

187 1244 528 1319 obstacula,
562 1257 711 1306 sunt
742 1241 959 1325 pulsus
987 1268 999 1318 ;
1048 1242 1110 1304 &
1140 1256 1482 1324 propterea
1512 1241 1733 1325 pulsus
1765 1245 2106 1307 successivi
2138 1267 2178 1307 a
2222 1267 2488 1327 corpore
2525 1249 2700 1311 omni

189 1348 460 1411 tremulo
515 1348 578 1409 in
633 1347 942 1408 directum
1004 1346 1563 1428 propagabuntur;
1635 1345 1828 1427 idque
1888 1344 2240 1427 aequalibus
2300 1346 2547 1409 circiter
2618 1349 2702 1411 ab

190 1449 462 1511 invicem
522 1447 857 1522 distantiis,
920 1447 1005 1508 ob
1065 1445 1336 1528 aequalia
1397 1446 1702 1527 temporis
1765 1444 2111 1520 intervalla,
2175 1447 2406 1528 quibus
2466 1468 2697 1530 corpus
2728 1505 2759 1531 ,.

187 1551 565 1613 tremoribus
633 1548 764 1611 suis
824 1546 1089 1631 singulis
1149 1546 1436 1631 singulos
1497 1545 1718 1629 pulsus
1778 1548 2028 1610 excitat.
2172 1548 2262 1610 Et
2325 1569 2696 1630 quanquam

187 1653 466 1733 corporis
521 1636 769 1713 tremuli
823 1663 1036 1732 partes
1090 1663 1240 1711 eant
1286 1648 1348 1710 81
1393 1647 1660 1710 redeant
1705 1649 2057 1710 secundum
2110 1647 2368 1732 plagam
2420 1647 2698 1731 aliquam

186 1767 423 1816 certam
471 1752 533 1814 &
578 1752 1083 1823 determinatam,
1119 1763 1333 1812 tamen
1388 1746 1608 1831 pulsus
1658 1749 1807 1811 inde
1856 1771 1971 1831 per
2022 1750 2306 1812 medium
2358 1751 2695 1833 propagati

185 1877 329 1918 sese
368 1853 725 1915 dilatabunt
755 1852 838 1913 ad
869 1850 1083 1925 latera,
1118 1874 1233 1933 per
1267 1851 1775 1933 'propositionem
1807 1851 2305 1932 praecedentem;
2357 1850 2419 1913 ἃ
2471 1872 2511 1912 a
2558 1872 2693 1914 cor-

183 1978 338 2038 pore
398 1954 503 2016 illo
548 1951 818 2015 tremulo
871 1965 1177 2033 tanquam
1238 1965 1457 2014 centro
1518 1951 1855 2023 communi,
1918 1950 2270 2013 secundum
2330 1949 2697 2031 superficies

180 2055 646 2138 propemodum
722 2053 1065 2134 sphaericas
1143 2052 1204 2114 &
1280 2053 1729 2125 concentricaS,
1798 2051 2083 2133 undique
2156 2050 2693 2133 propagabuntur.

182 2158 380 2240 Cujus
413 2156 501 2218 rei
534 2152 898 2235 exemplum
930 2152 1189 2235 aliquod
1222 2152 1532 2216 habemus
1566 2154 1628 2215 in
1675 2153 1890 2226 undiS,
1915 2174 2062 2234 quae
2107 2152 2159 2213 si
2192 2151 2395 2235 digito
2426 2148 2698 2213 tremulo

177 2259 547 2330 excitentur,
596 2277 723 2318 non
779 2252 985 2316 solum
1037 2267 1309 2337 pergent
1358 2253 1504 2315 hinc
1559 2254 1708 2316 inde
1768 2253 2120 2316 secundum
2173 2251 2431 2336 plagam
2483 2265 2696 2314 motus
2803 2256 2852 2296 Γ

177 2360 376 2442 digiti,
431 2359 563 2431 sed,
627 2357 691 2418 in
753 2356 1019 2418 modum
1083 2353 1458 2417 circulorum
1520 2354 2080 2427 concentricorum,
2143 2353 2418 2436 digitum
2478 2352 2694 2414 statim

175 2462 431 2544 cingent
463 2459 524 2520 ἃ
555 2457 839 2539 undique
870 2457 1413 2539 propagabuntur.
1542 2456 1716 2517 Nam
1761 2455 2046 2539 gravitas
2091 2454 2407 2515 undarum
2438 2450 2695 2535 supplet
2799 2509 2802 2516 .

174 2562 380 2624 locum
414 2561 510 2621 vis
543 2557 832 2621 elasticae.

294 2662 431 2723 Cas.
487 2682 540 2727 2.
594 2659 789 2738 Quod
823 2659 874 2720 si
911 2658 1195 2719 medium
1230 2679 1357 2720 non
1406 2658 1489 2718 sit
1534 2655 1906 2719 elasticum:
1955 2653 2257 2737 quoniam
2304 2654 2441 2737 ejus
2477 2666 2692 2735 partes

170 2786 207 2823 a
267 2762 546 2843 corporis
606 2757 856 2822 tremuli
919 2758 1212 2840 partibus
1273 2757 1539 2819 vibratis
1600 2778 1838 2839 pressae
1907 2754 2284 2817 condensari
2346 2765 2688 2836 nequeunt,

178 2862 633 2946 propagabitur
677 2874 888 2923 motus
922 2861 984 2920 in
1020 2859 1278 2920 instanti
1311 2858 1393 2919 ad
1426 2871 1642 2939 partes
1688 2857 1796 2919 ubi
1843 2855 2126 2917 medium
2171 2851 2467 2916 facillime
2504 2852 2689 2927 cedit,

178 2965 300 3027 hoc
347 2977 460 3036 est,
511 2963 592 3024 ad
642 2975 854 3043 partes
903 2981 1063 3041 quas
1124 2980 1354 3040 corpus
1416 2957 1756 3020 tremulum
1817 2955 2053 3037 alioqui
2115 2976 2350 3016 vacuas
2410 2976 2450 3016 a
2508 2966 2692 3037 tergo
2788 3010 2791 3014 ,

178 3062 575 3145 relinqueret.
705 3062 887 3122 Idem
919 3073 1017 3122 est
1048 3080 1231 3120 casus
1277 3080 1421 3120 cum
1469 3080 1617 3121 casu
1651 3058 1934 3140 corporis
1967 3056 2029 3117 in
2062 3055 2277 3117 medio
2308 3075 2692 3137 quocunque

178 3164 457 3246 projecti.
591 3161 884 3223 Medium
933 3158 1225 3221 cedendo
1271 3158 1703 3242 projectilibus
1766 3180 1894 3221 non
1940 3155 2181 3219 recedit
2227 3156 2288 3217 in
2336 3155 2687 3231 infinitum;

174 3264 291 3326 sed
331 3263 394 3324 in
426 3259 724 3324 circulum
756 3260 970 3323 eundo
1008 3261 1219 3343 pergit
1248 3261 1330 3322 ad
1378 3261 1586 3342 spatia
1631 3282 1776 3342 quae
1823 3279 2054 3340 corpus
2085 3255 2385 3339 relinquit
2414 3279 2454 3318 a
2484 3269 2683 3340 tergo.

179 3364 384 3448 Igitur
442 3362 691 3445 quoties
753 3383 981 3442 corpus
1055 3359 1396 3423 tremulum
1471 3362 1682 3444 pergit
1756 3361 1819 3421 in
1895 3371 2143 3441 partem
2218 3378 2683 3440 quamcunque,

173 3465 456 3527 medium
490 3462 779 3525 cedendo
811 3475 1036 3544 perget
1065 3483 1181 3543 per
1212 3460 1511 3524 circulum
1543 3462 1626 3524 ad
1659 3474 1873 3544 partes
1905 3481 2066 3542 quas
2097 3480 2328 3541 corpus
2360 3457 2685 3540 relinquit;

172 3565 234 3627 Sc
312 3564 563 3646 quoties
638 3583 867 3643 corpus
946 3562 1302 3645 regreditur
1374 3563 1457 3623 ad
1532 3561 1743 3624 locum
1818 3561 2112 3643 priorem,
2175 3559 2458 3622 medium
2534 3558 2685 3622 inde

168 3665 510 3749 repelletur
558 3664 620 3726 ἃ
668 3664 750 3725 ad
798 3662 1008 3725 locum
1056 3685 1243 3724 suum
1291 3664 1568 3743 priorem
1618 3663 1863 3727 redibit.
1960 3663 2051 3724 Et
2103 3662 2399 3744 quamvis
2452 3682 2681 3744 corpus

166 3765 507 3830 tremulum
569 3786 696 3827 non
757 3763 840 3825 sit
899 3763 1170 3839 firmum,
1235 3762 1349 3824 sed
1412 3763 1620 3825 modis
1695 3764 1992 3826 omnibus
2060 3760 2287 3837 flexile,
2350 3762 2403 3824 si
2463 3774 2679 3824 tamen

166 3867 607 3952 magnitudine
638 3866 858 3927 datum
892 3877 1162 3937 maneat,
1198 3864 1501 3946 qnoniam
1534 3865 1916 3927 tremoribus
1962 3864 2094 3926 suis
2126 3863 2350 3946 nequit
2394 3861 2676 3924 medium
2760 3943 2764 3946 ι

163 3971 372 4033 ubivis
431 3990 674 4052 urgere,
730 3966 883 4049 quin
944 3963 1092 4027 alibi
1153 3965 1362 4027 eidem
1423 3963 1609 4026 simul
1672 3964 1873 4038 cedat,
1937 3963 2169 4026 efficiet
2234 3977 2306 4025 ut
2364 3960 2664 4033 medium,
