2852 4250
195 128 320 205 384
1022 121 1139 171 DE
1170 119 1293 171 Mo
1301 119 1410 170 TU
1436 117 1743 170 CORPOR
1754 117 1879 169 ΠΜ
2668 0 2803 147 Ἴ

188 288 353 361 inter
399 317 485 360 se.
605 292 991 378 Negligatur
1042 290 1235 374 igitur
1281 300 1494 351 motus
1532 285 1981 369 particularum
2029 286 2195 350 inter
2240 309 2328 362 se,
2378 301 2685 374 tanquam
2738 374 2740 377 Ι

185 400 268 461 ad
322 398 517 461 totius
570 409 814 458 motum
867 391 1344 475 progressivum
1397 386 1484 449 nil
1537 400 1852 468 spectans,
1901 386 1964 450 &
2015 401 2228 450 motus
2275 388 2470 452 totius
2524 390 2698 454 idem
2788 398 2794 403 '

187 500 307 562 erit
353 521 427 561 ac
474 498 666 580 prius,
787 493 1010 555 Motus
1058 503 1271 552 autem
1324 488 1495 550 idem
1543 488 1664 549 erit
1704 509 1849 549 cum
1898 499 2076 550 motu
2125 486 2390 550 aliarum
2438 490 2699 554 vorticis

185 600 461 683 partium
509 590 548 659 a
600 608 818 658 centro
870 589 1201 673 aequaliter
1247 587 1636 659 distantium,
1685 600 2025 669 propterea
2076 589 2251 670 quod
2303 587 2579 652 solidum
2632 591 2696 653 in

185 701 450 762 fluidum
490 695 838 760 resolutum
871 692 942 752 fit
980 712 1128 771 pars
1159 688 1417 750 vorticis
1448 687 1695 749 caeteris
1741 688 2027 769 partibus
2058 687 2419 752 consimilis,
2517 690 2699 775 Ergo

184 799 474 871 solidum,
508 798 561 859 si
607 796 690 857 sit
719 792 1007 876 ejusdem
1053 787 1388 851 densitatis
1434 809 1578 849 cum
1624 789 1890 850 materia
1934 790 2208 864 vorticiS‚
2242 791 2472 854 eodem
2518 805 2696 855 motu

183 923 327 963 cum
360 899 556 980 ipsius
600 894 886 976 partibus
928 889 1304 960 movebitur,
1340 888 1403 949 in
1450 887 1715 950 materia
1759 889 2049 969 proxime
2079 891 2403 953 ambiente
2434 889 2699 954 relative

183 1000 532 1082 quiescens
670 993 787 1055 Sin
862 990 1122 1052 densius
1197 989 1295 1061 sit,
1363 989 1500 1071 jam
1589 988 1796 1071 magis
1885 991 2217 1053 conabitur
2290 992 2588 1054 recedere
2661 1014 2701 1056 a

180 1113 397 1162 centro
453 1095 711 1159 vorticis
765 1114 958 1175 quam
1011 1091 1220 1172 prius;
1277 1090 1552 1171 ideoque
1604 1090 1862 1151 vorticis
1915 1092 2048 1153 vim
2102 1091 2290 1166 illam,
2346 1114 2474 1175 qua
2524 1092 2700 1174 prius

183 1200 245 1261 in
299 1198 506 1261 orbita
557 1217 674 1257 sua
731 1206 1039 1274 tanquam
1102 1191 1164 1251 in
1225 1187 1579 1271 aequilibrio
1639 1189 2055 1252 constitutum
2109 1192 2515 1266 retinebatur,
2560 1194 2698 1276 jam

176 1319 503 1381 superam,
559 1295 815 1358 recedet
874 1315 913 1355 a
972 1304 1190 1353 centro
1245 1289 1307 1351 &
1367 1288 1762 1353 revolvendo
1815 1290 2135 1354 describet
2193 1291 2695 1374 spiralem,‚non

174 1398 445 1481 amplius
493 1398 555 1459 in
602 1395 879 1459 eundem
925 1393 1146 1456 orbem
1194 1391 1462 1454 redienS.
1559 1391 1649 1453 Et
1685 1391 1916 1453 eodem
1962 1406 2344 1476 argumento
2387 1394 2442 1455 si
2488 1395 2690 1457 rarius

179 1502 279 1574 sit,
313 1499 573 1562 accedet
603 1497 686 1559 ad
734 1508 1038 1558 centrum.
1156 1493 1361 1576 Igitur
1409 1514 1536 1555 non
1590 1492 1822 1554 redibit
1870 1492 1933 1553 in
1983 1493 2261 1556 eundem
2306 1493 2529 1556 orbem
2577 1494 2699 1557 nisi
2735 1506 2773 1536 ·‘

179 1602 263 1663 sit
307 1600 595 1684 ejusdem
626 1595 959 1659 densitatis
1001 1616 1146 1656 cum
1194 1593 1404 1656 fluido,
1502 1592 1606 1655 Eo
1651 1606 1865 1654 autem
1914 1593 1976 1654 in
2024 1615 2174 1655 casu
2220 1607 2550 1657 ostensum
2581 1609 2696 1670 est,

177 1701 350 1784 quod
399 1698 833 1762 revolveretur
877 1695 1103 1757 eadem
1149 1693 1292 1777 lege
1338 1715 1482 1755 cum
1528 1694 1814 1775 partibus
1861 1692 2037 1755 fluidi
2083 1717 2122 1757 a
2165 1708 2384 1757 centro
2437 1696 2695 1758 vorticis

179 1801 510 1885 aequaliter
553 1798 952 1862 distantibus,
1050 1796 1124 1872 Q.
1146 1796 1229 1857 E.
1253 1796 1339 1857 D.

300 1903 500 1965 Corol.
562 1922 608 1962 1.
666 1899 845 1981 Ergo
876 1895 1151 1959 solidum
1190 1895 1364 1976 quod
1412 1894 1473 1955 in
1521 1894 1764 1956 vortice
1810 1893 2161 1957 revolvitur
2206 1894 2268 1957 &
2314 1895 2377 1956 in
2418 1895 2695 1958 eundem
2799 1958 2813 1966 „

176 2005 397 2067 orbem
429 2022 684 2083 semper
714 1999 893 2071 redit,
928 1996 1191 2060 relative
1223 1995 1492 2077 quiescit
1523 1994 1586 2055 in
1620 1995 1817 2057 fluido
1848 1995 1947 2056 cui
1980 1995 2239 2057 innatat.

293 2104 494 2167 Corol.
536 2124 588 2164 2.
631 2102 720 2163 Et
749 2100 801 2162 si
833 2112 1060 2161 vortex
1092 2098 1174 2158 sit
1211 2096 1426 2179 quoad
1457 2096 1843 2158 densitatem
1876 2096 2222 2169 uniformiS,
2257 2118 2487 2178 corpus
2519 2096 2690 2159 idem

175 2206 257 2268 ad
304 2202 656 2287 quamlibet
700 2224 738 2263 a
784 2213 1002 2263 centro
1047 2199 1305 2262 vorticis
1351 2198 1721 2260 distantiam
1767 2196 2012 2260 revolvi
2058 2210 2289 2279 potest.

1266 2371 1602 2434 Sclzolz'um.
2799 2316 2818 2423 l

297 2509 471 2570 Hinc
531 2507 732 2589 liquet
790 2504 1079 2587 planetas
1126 2526 1165 2565 a
1217 2502 1565 2565 vorticibus
1619 2501 1939 2582 corporeis
1987 2522 2114 2563 non
2176 2500 2423 2563 deferri.
2522 2500 2695 2563 Nam
2766 2579 2771 2582 ι

175 2609 448 2691 planetae
473 2609 826 2671 secundum
852 2605 1237 2689 hypothesin
1269 2605 1326 2666 C
1322 2626 1381 2666 0-

158 2712 541 2791 pernz‘caeam
586 2711 749 2772 circa
801 2708 1002 2771 solem
1049 2706 1243 2770 delati
1291 2728 1384 2768 re-

176 2811 522 2874 volvuntur
552 2813 614 2873 in
648 2810 977 2892 ellipsibus
1010 2807 1386 2870 umbilicum

176 2911 560 2973 habentibus
592 2911 655 2972 in
687 2910 837 2984 sole,
867 2910 927 2972 ἃ
953 2910 1145 2971 radiis
1170 2909 1252 2970 ad
1285 2931 1384 2971 so·
1509 2879 1590 3009 s

175 3011 302 3074 lem
348 3013 553 3074 ductis
599 3035 780 3074 areas
812 3012 1181 3074 describunt
1226 3025 1383 3073 tem-
1479 3011 1510 3089 χ’

176 3114 434 3195 poribus
461 3113 978 3195 proportionales,
1053 3116 1148 3175 At
1173 3126 1384 3194 partes

174 3214 430 3277 vorticis
480 3213 587 3275 tali
635 3228 811 3276 motu
860 3213 1101 3277 revolvi
1149 3237 1384 3296 neque·
1413 3248 1451 3289 F

173 3329 302 3379 unt.
415 3315 778 3398 Designent
822 3317 890 3376 A
914 3317 1001 3389 D,
1034 3317 1199 3389 BE,
1240 3316 1387 3397 CF,

173 3417 362 3480 orbes
408 3429 536 3479 tres
583 3417 746 3478 circa
777 3416 977 3479 solem
1026 3418 1082 3479 S
1109 3418 1385 3498 descrip-

174 3531 291 3592 tOS,
325 3540 598 3599 quorum
645 3518 919 3580 extimus
959 3519 1098 3579 CF
1118 3517 1385 3579 circulus

173 3619 256 3680 sit
286 3617 403 3680 soli
435 3618 886 3690 concentriCUS,
923 3616 985 3679 ἃ
1018 3618 1385 3680 interiorum

173 3720 446 3782 duorum
477 3717 731 3801 aphelia
761 3719 889 3780 sint
918 3719 1010 3791 A,
1036 3719 1103 3779 B
1127 3719 1189 3780 &
1219 3720 1382 3800 peri—

172 3819 341 3884 helia
383 3821 471 3894 D,
517 3821 601 3883 E.
709 3820 889 3904 Ergo
935 3840 1165 3901 corpus
1212 3820 1386 3901 quod

171 3919 520 3983 revolvitur
565 3921 627 3982 in
675 3921 829 3983 orbe
879 3920 938 3981 C
951 3920 1025 3992 F,
1070 3919 1248 3981 radio
1292 3919 1374 3981 ad
1421 3919 1621 3984 solem
1668 3921 1861 3983 ducto
1906 3943 2086 3984 areas
2132 3920 2528 4002 temporibus
2575 3940 2693 4001 pro
