2852 4250
1032 144 1059 186 ⁷-
1104 138 1762 200 “LIBERPRJMUSJ
1843 177 1866 181 --
2240 192 2243 195 -
2532 176 2655 216 211·

325 404 950 507 pRop'os11-10
1021 444 1462 507 LXXXVI.
1584 443 2183 537 THEOREMA
2260 447 2536 511 XLIII.

213 612 298 673 Si
330 611 816 691 particularum,
861 630 937 671 ex
975 609 1193 691 quibus
1241 617 1458 690 corpus
1498 611 1899 671 attractivum
1941 610 2338 689 componitur,
2384 612 2543 673 vires
2585 615 2653 674 in

295 744 514 784 recessu
583 722 851 803 corporis
918 722 1179 783 attracti
1242 720 1584 783 decrescunt
1652 722 1721 782 in
1793 723 2113 802 triplicata
2168 723 2267 783 vel
2314 724 2654 805 plusquam

231 829 234 833 ’
295 835 612 915 triplicata
652 835 891 896 ratione
928 834 1380 895 distantiarum
1421 855 1462 893 a
1489 833 1830 912 particulis
1848 860 1868 895 .·
1909 835 2198 895 attractio
2228 836 2655 916 longefortior

291 947 416 1009 erit
461 948 530 1009 in
578 955 871 1023 contactu,
914 968 1100 1028 quam
1149 968 1286 1007 cum
1327 946 1647 1007 attrahens
1693 948 1775 1011 ὥ*
1816 953 2153 1007 attractum
2197 947 2521 1009 intervallo
2564 950 2661 1009 vel

294 1060 548 1121 minimo
574 1067 953 1139 separantur
969 1059 1044 1119 ab
1073 1058 1343 1120 invicem.

325 1241 495 1302 Nam
546 1241 977 1302 attractionem
1036 1240 1098 1300 in
1150 1262 1401 1302 accessu
1453 1240 1695 1301 attracti
1756 1239 2100 1320 corpusculi
2160 1241 2240 1301 ad
2300 1241 2653 1322 hujusmodi

208 1339 518 1420 sphaeram
576 1339 925 1400 trahentem
994 1339 1207 1420 augeri
1282 1339 1343 1398 in
1418 1337 1740 1410 infinitum,
1801 1351 2045 1399 constat
2116 1360 2228 1418 per
2284 1338 2655 1401 solutionem

207 1435 607 1518 problematis
659 1457 768 1496 XLI
821 1437 882 1497 in
941 1434 1231 1517 exemplo
1284 1435 1559 1496 secundo
1618 1457 1689 1496 ac
1746 1437 1928 1497 tertio
1987 1437 2342 1499 exhibitam.
2460 1438 2653 1509 Idem,

207 1557 322 1616 per
377 1534 664 1616 exempla
714 1533 817 1595 illa
875 1534 936 1595 &
984 1535 1304 1596 theorema
1350 1554 1456 1594 XLI
1511 1534 1671 1594 inter
1720 1555 1789 1594 se
1834 1533 2068 1607 collata,
2123 1534 2301 1595 facile
2353 1534 2659 1617 colligitur

209 1633 319 1695 de'
348 1633 817 1694 attractionibus
890 1654 1220 1713 corporum
1280 1654 1501 1693 versus
1573 1631 1757 1692 orbes
1817 1655 2451 1706 concavo—conveXOS,
2524 1636 2658 1696 sive

208 1747 467 1811 corpora
516 1743 777 1791 attracta
806 1724 1204 1792 ‘collocentur
1248 1743 1426 1791 extra
1475 1730 1675 1802 orbeS,
1729 1731 1864 1791 sive
1910 1732 2069 1791 intra
2115 1732 2175 1791 in
2229 1754 2444 1793 eorum
2492 1734 2654 1793 cavi-

207 1830 452 1896 tatibus.
587 1830 719 1891 Sed
779 1829 839 1891 &
896 1829 1190 1891 addendo
1247 1828 1348 1890 vel
1407 1829 1748 1891 auferendo
1808 1830 1904 1889 his
1963 1830 2224 1910 sphaeris
2285 1830 2345 1890 &
2403 1831 2657 1891 orbibus

203 1929 412 1990 *ubivis
455 1941 632 1989 extra
674 1926 877 1990 locum
922 1941 1242 1989 contactus
1287 1929 1610 1989 materiam
1656 1927 1998 2008 quamlibet
2042 1929 2449 2000 attractivam,
2483 1950 2560 1990 eo
2590 1942 2659 1990 ut

209 2047 468 2120 corpora
523 2027 850 2087 attractiva
908 2026 1168 2087 induant
1225 2025 1487 2108 figuram
1546 2027 1833 2106 quamvis
1874 2026 2293 2108 assignatam,
2353 2027 2662 2088 constabit

208 2124 550 2206 propositio
579 2124 660 2186 de
690 2124 1049 2205 corporibus
1079 2125 1399 2187 universis
1493 2124 1569 2200 Q.
1583 2126 1664 2187 E.
1679 2126 1764 2186 D.

231 2436 934 2502 'PROPOSITIO
1012 2440 1493 2503 LXXXVII.
1618 2440 2218 2503 THEOREMA
2299 2442 2570 2539 XLIV.

213 2610 296 2670 Si
318 2617 571 2691 corpora
598 2609 716 2670 duo
744 2609 864 2671 sibi
887 2609 1141 2670 invicem
1168 2610 1419 2685 similia,
1458 2612 1540 2675 ὣ*
1566 2632 1640 2670 ex
1665 2612 1926 2671 materia
1968 2612 2289 2693 oequaliter
2327 2611 2660 2671 attractiva

296 2723 653 2797 constantia,
684 2744 930 2783 seorszm
972 2723 1305 2784 attrahant
1343 2726 1700 2804 corpuscula
1726 2724 1846 2785 sibi
1883 2724 2031 2804 ipsis
2046 2724 2549 2805 proportionalia
2582 2725 2663 2788 <⁶5²

293 2824 385 2894 ad
417 2856 477 2895 se
520 2835 814 2896 szfflmzlzter
838 2836 1085 2915 posita.-
1136 2836 1530 2896 attractiones
1571 2837 2008 2897 acceleratrices
2049 2837 2544 2916 corpusculorum
2594 2836 2663 2896 in

295 2955 549 3027 corpora
605 2955 732 3008 tota
773 2957 963 3009 erunt
1002 2957 1077 3009 ut
1122 2949 1514 3010 attractiones
1569 2948 2001 3010 acceleratrices
2042 2949 2537 3027 corpusculorum
2594 2944 2662 3008 in

296 3081 506 3134 eorum
519 3062 875 3140 particulas
902 3061 1045 3123 totis
1056 3062 1570 3142 proportionales,
1603 3063 1685 3128 (ῥ’
1713 3062 1782 3122 in
1813 3061 1955 3122 totis
1980 3061 2272 3122 similiter
2281 3061 2533 3140 positas.

334 3241 504 3302 Nam
534 3242 587 3303 si
618 3264 878 3324 corpora
906 3244 1369 3326 distinguantur
1397 3245 1461 3305 in
1498 3241 1846 3325 particulaS,
1879 3266 2022 3324 quae
2066 3244 2190 3304 sint
2219 3244 2365 3305 totis
2409 3265 2657 3323 propor-

218 3338 493 3412 tionales»,
548 3340 609 3402 &
667 3342 729 3402 in
781 3344 927 3404 totis
978 3342 1258 3405 similiter
1302 3342 1473 3416 sitae3
1540 3343 1672 3415 erit,
1722 3355 1790 3403 ut
1846 3342 2130 3403 attractio
2183 3342 2244 3401 in
2302 3340 2663 3422 particulam

219 3436 560 3517 quamlibet
615 3441 798 3502 unius
849 3442 1122 3522 corporis
1166 3441 1249 3502 ad
1306 3441 1737 3502 attractionem
1784 3440 1845 3500 in
1891 3438 2252 3519 particulam
2305 3460 2662 3518 correspon-

219 3532 472 3595 dentem
503 3535 564 3596 in
595 3558 853 3618 corpore
882 3538 1092 3611 altero,
1126 3540 1212 3600 ita
1240 3539 1640 3624 attractiones
1686 3538 1747 3599 in
1793 3536 2123 3619 particulas
2166 3536 2441 3624 singulas
2484 3536 2665 3616 primi

220 3633 493 3712 corporis
523 3635 604 3695 ad
634 3637 1032 3700 attractiones
1063 3636 1125 3696 in
1156 3635 1408 3698 alterius
1431 3635 1762 3717 particulas
1785 3634 2061 3717 singulas
2085 3634 2663 3715 correspondentes;

225 3727 286 3790 &
315 3733 762 3811 componendo,
796 3734 881 3795 ita
909 3736 1195 3797 attractio
1226 3736 1287 3795 in
1319 3748 1518 3798 totum
1550 3735 1817 3816 primum
1861 3754 2084 3813 corpus
2114 3732 2194 3793 ad
2238 3731 2665 3792 attractionem

211 3824 287 3887 ‘in
319 3832 908 3906 totumsecundum.
1003 3833 1076 3908 Q.
1092 3835 1170 3895 E.
1185 3834 1283 3896 D..
2574 3848 2581 3853 “
