2820 4224
178 130 331 192 xviii
1011 128 1395 180 EDJTORJS
1425 127 1704 178 PRAEFA
1714 125 1853 177 ΠΟ.

178 321 371 382 quam
403 320 565 380 quos
598 298 734 380 ipsa
765 296 983 359 tribuit
1014 308 1253 358 natura.
1367 295 1611 357 Verum
1642 294 1751 355 ubi
1798 291 2118 355 licentiam
2163 291 2283 354 sibi
2329 305 2679 367 assumunt,

175 400 456 482 ponendi
503 420 913 481 quascunque
957 397 1113 459 libet
1158 398 1408 481 ignotas
1462 396 1736 478 partium
1794 393 2029 477 figuras
2077 391 2139 454 &
2187 393 2680 476 magnitudineS,

175 481 589 583 incertosque·
606 500 764 561 situs
797 499 859 561 &
890 512 1099 561 motus
1125 523 1137 574 ;
1186 498 1338 580 quin
1386 497 1448 559 &
1494 496 1777 580 fingendi
1824 494 2019 556 fluida
2069 493 2368 575 quaedam
2417 491 2679 567 occulta,

175 623 320 683 quae
368 622 701 682 corporum
754 621 945 681 poros
993 597 1310 660 liberrime
1358 610 1704 679 permeent,
1738 595 2178 676 omnipotente
2214 592 2485 676 praedita
2532 593 2680 655 sub-

173 700 414 775 tilitate,
478 702 882 782 motibusque
941 696 1201 761 occultis
1261 699 1533 781 agitata;
1600 698 1737 780 jam
1808 696 1891 758 ad
1966 695 2216 758 somnia
2280 692 2678 769 delabuntur,

174 800 464 884 neglecta
504 823 712 863 rerum
750 799 1200 862 constitutione
1242 821 1436 861 vera:
1484 820 1628 880 quae
1660 818 1815 859 sane
1862 796 2095 858 frustra
2141 794 2422 877 petenda
2469 808 2568 857 est
2598 817 2681 858 ex

171 899 496 962 fallacibus
558 899 948 983 conjecturiS‚
1004 922 1148 961 cum
1197 900 1306 961 vix
1354 900 1546 962 etiam
1594 920 1711 980 per
1768 897 2151 960 certissimas
2200 897 2682 960 observationes

174 1000 539 1083 investigari
589 1000 804 1081 possit.
917 998 1047 1079 Qui
1096 998 1600 1081 speculationum
1649 1020 1906 1060 suarum
1955 997 2442 1059 fundamentum
2491 997 2679 1060 desu-

174 1114 358 1162 munt
388 1102 470 1162 ab
512 1100 1012 1182 hypothesibus;
1077 1102 1324 1163 etiarnsi
1373 1099 1607 1162 deinde
1655 1098 2004 1161 secundum
2053 1096 2230 1181 leges
2279 1098 2681 1162 mechanicas

172 1201 644 1262 accuratissime
686 1201 1068 1282 procedant;
1115 1200 1395 1263 fabulam
1446 1200 1706 1283 quidem
1755 1198 2116 1283 elegantem
2157 1198 2321 1261 forte
2354 1198 2416 1261 &
2446 1221 2678 1262 venus-

173 1315 320 1374 tam,
354 1301 632 1363 fabulam
664 1315 879 1363 tamen
911 1303 1288 1364 concinnare
1320 1301 1572 1363 dicendi
1605 1313 1768 1362 sunt.

263 1401 667 1485 Relinquitur
717 1403 881 1465 adeo
933 1404 1188 1465 tertium
1235 1425 1456 1486 genuS‚
1513 1402 1620 1485 qui
1674 1399 2143 1483 philosophiam
2197 1399 2437 1464 scilicet
2483 1423 2676 1485 expe-

172 1501 567 1564 rimentalem
599 1503 989 1584 profitentur.
1089 1503 1181 1564 Hi
1215 1503 1474 1585 quidem
1507 1524 1587 1564 ex
1619 1500 2099 1583 simplicissimis
2146 1502 2377 1583 quibus
2408 1517 2681 1584 possunt

169 1603 495 1683 principiis
528 1625 737 1664 rerum
769 1604 1053 1665 omnium
1086 1624 1307 1664 causas
1353 1602 1736 1664 derivandas
1783 1624 1927 1664 esse
1958 1599 2183 1664 volunt
2215 1625 2227 1664 ε
2275 1601 2429 1664 nihil
2461 1618 2677 1667 autem

170 1704 457 1784 principii
517 1701 657 1765 loco
709 1716 1056 1777 assumunt,
1113 1703 1287 1784 quod
1342 1703 1627 1765 nondum
1676 1725 1757 1764 ex
1810 1702 2252 1784 phaenomenis
2301 1705 2674 1786 comproba-

170 1822 309 1870 tum
357 1809 558 1870 fuerit.
688 1807 1104 1889 Hypotheses
1154 1829 1281 1869 non
1331 1807 1905 1879 comminiscuntur,
1959 1828 2169 1888 neque
2223 1807 2285 1868 in
2346 1807 2678 1889 physicam

169 1908 492 1989 recipiunt,
528 1908 646 1969 nisi
679 1921 749 1969 ut
781 1908 1167 1989 quaestiones
1200 1907 1281 1970 de
1314 1929 1581 1989 quarum
1628 1908 1897 1970 veritate
1946 1908 2320 1989 disputetur.
2420 1908 2678 1991 Duplici

169 2013 383 2094 itaque
442 2013 746 2075 methodo
807 2012 1124 2087 incedunt,
1179 2010 1492 2094 analytica
1553 2012 1614 2074 &
1673 2012 2045 2095 synthetica.
2190 2009 2460 2071 Naturae
2507 2010 2677 2072 vires

168 2110 474 2196 legesque
548 2114 776 2174 virium
851 2112 1264 2195 simpliciores
1326 2134 1407 2174 ex
1467 2111 1716 2175 selectis
1789 2114 2173 2195 quibusdam
2234 2111 2676 2194 phaenomenis

169 2236 283 2294 per
329 2212 615 2295 analysin
671 2214 1014 2291 deducunt,
1049 2236 1128 2276 ex
1184 2214 1414 2295 quibus
1462 2214 1698 2276 deinde
1744 2237 1860 2296 per
1904 2214 2238 2297 synthesin
2285 2211 2674 2293 reliquorum

169 2314 683 2375 constitutionem
745 2314 1016 2377 tradunt.
1159 2313 1325 2375 Haec
1387 2311 1490 2374 illa
1550 2327 1649 2375 est
1709 2312 2203 2396 philosophandi
2264 2313 2424 2375 ratio
2483 2311 2678 2397 longe

168 2414 422 2494 optima,
458 2435 649 2495 quam
681 2436 812 2495 prae
845 2414 1088 2476 caeteris
1121 2415 1347 2477 merito
1379 2414 1894 2496 amplectendum
1941 2416 2187 2478 censuit
2228 2414 2675 2477 celeberrimus

167 2525 385 2574 auctor
414 2525 643 2574 noster.
743 2513 932 2575 Hanc
952 2512 1152 2576 solam
1183 2515 1402 2596 utique
1427 2516 1689 2598 dignam
1713 2516 2041 2599 judicavit,
2071 2516 2133 2576 in
2166 2537 2293 2597 qua
2323 2513 2676 2578 excolenda

168 2625 361 2692 atque
413 2612 782 2674 adornanda
833 2636 1095 2694 operam
1149 2636 1330 2675 suam
1380 2613 1729 2679 collocaret.
1829 2615 2044 2698 Hujus
2094 2615 2286 2698 igitur
2315 2614 2674 2678 illustrissi-

169 2734 340 2773 mum
391 2713 568 2774 dedit
612 2712 991 2795 exemplum,
1041 2715 1344 2776 mundani
1395 2737 1627 2797 nempe
1674 2717 2038 2798 systematis
2099 2715 2588 2798 explicationem
2637 2738 2675 2779 e

167 2812 411 2874 theoria
440 2814 770 2896 gravitatis
800 2813 1158 2877 felicissime
1189 2815 1546 2878 deductam.
1644 2817 1995 2879 Gravitatis
2027 2817 2328 2879 virtutem
2359 2817 2675 2880 universis

166 2914 534 2993 corporibus
589 2914 796 2976 inesse
848 2916 1149 2996 suspicati
1198 2929 1347 2978 sunt
1393 2915 1496 2979 vel
1552 2917 1873 2979 finxerunt
1919 2916 2065 2981 alii:
2142 2918 2384 2999 primus
2445 2916 2550 2980 ille
2611 2917 2674 2981 8ε

166 3012 337 3075 solus
387 3035 468 3076 ex
515 3015 899 3096 apparentiis
948 3016 1384 3079 demonstrare
1431 3018 1652 3099 potuit,
1699 3018 1761 3079 &
1808 3017 2345 3101 speculationibus
2397 3019 2673 3103 egregiis

167 3114 596 3176 firmissimum
627 3137 866 3196 ponere
896 3115 1400 3179 fundamentum.

254 3214 403 3276 Scio
463 3216 761 3296 equidem
822 3215 1158 3279 nonnullos
1206 3218 1422 3301 magni
1472 3218 1663 3280 etiam
1717 3219 1990 3281 nominis
2042 3220 2232 3294 virOS,
2288 3219 2671 3303 praejudiciis
2732 3294 2736 3296 ,

167 3315 547 3396 quibusdam
585 3313 726 3396 plus
771 3338 959 3398 aequo
1004 3330 1361 3399 occupatOS,
1394 3318 1542 3380 huic
1587 3341 1757 3381 novo
1802 3320 2112 3401 principio
2157 3342 2330 3403 aegre
2377 3321 2669 3382 assentiri

165 3415 462 3495 potuisse,
519 3415 582 3476 81
640 3417 824 3478 certis
886 3418 1123 3480 incerta
1182 3418 1530 3481 identidem
1590 3420 1959 3500 praetulisse.
2102 3421 2359 3483 Horum
2432 3420 2669 3482 famam

166 3513 460 3577 vellicare
512 3536 639 3577 non
694 3531 792 3579 est
850 3517 1139 3580 animus:
1207 3518 1321 3580 tibi
1370 3519 1598 3599 potiuS,
1660 3519 1974 3583 benevole
2025 3519 2237 3594 lector,
2294 3518 2399 3582 illa
2450 3521 2669 3602 paucis

166 3636 486 3696 exponere
515 3614 704 3690 lubet,
739 3639 820 3678 ex
851 3618 1080 3699 quibus
1112 3630 1247 3680 tute
1286 3619 1422 3699 ipse
1443 3619 1754 3702 judicium
1787 3642 1914 3682 non
1948 3620 2235 3702 iniquum
2265 3619 2447 3683 feras,

286 3715 489 3797 Igitur
519 3728 588 3776 ut
618 3717 974 3798 argumenti
993 3731 1279 3780 sumatur
1301 3720 1632 3781 exordium
1665 3743 1703 3781 a
1733 3719 2214 3802 simplicissimis
2240 3721 2301 3782 &
2325 3721 2632 3802 proximis
2655 3747 2667 3797 ;

165 3813 570 3894 dispiciamus
622 3816 943 3898 paulisper
993 3817 1196 3900 qualis
1249 3820 1331 3881 sit
1375 3820 1439 3881 in
1486 3822 1887 3883 terrestribus
1934 3836 2159 3885 natura
2202 3823 2551 3907 gravitatiS,
2598 3838 2670 3886 ut

165 3913 398 3976 deinde
427 3915 623 3977 tutius
654 3917 1135 4000 progrediamur
1169 3920 1275 3993 ubi
1322 3921 1405 3982 ad
1459 3943 1724 4003 corpora
1769 3921 2062 3997 caelestia,
2095 3922 2467 4008 longissime
2497 3947 2537 3988 a
2566 3946 2663 3987 se-
