2846 4224
1105 138 1362 192 ,LEGES
1388 138 1663 188 MOTUS.
2522 170 2552 208 2
2570 171 2590 208 1

167 319 418 383 gressus
449 297 511 358 &
540 298 806 378 impetus
836 298 1060 378 quibus
1091 320 1350 379 corpora
1377 321 1446 359 se
1475 312 1691 360 mutuo
1720 300 1961 361 feriunt.
2055 302 2229 383 Ergo
2258 326 2371 383 per
2397 306 2600 388 legem

177 417 200 457 1
218 417 243 457 1
279 393 550 476 aequales
580 391 760 455 erunt
788 417 1232 477 congressuum
1262 396 1516 457 effectus
1558 397 1619 456 in
1650 410 1915 476 utroque
1947 419 2092 458 casu
2112 424 2128 487 5
2176 400 2236 460 ἃ
2275 418 2603 483 propterea

71 574 74 580 ¹
169 494 507 555 manebunt
562 505 768 554 motus
826 493 987 554 inter
1042 516 1111 555 se
1170 495 1231 554 in
1283 514 1409 554 uno
1460 515 1606 554 casu
1658 493 1930 573 aequales
1990 497 2260 560 motibus
2319 500 2479 561 inter
2534 525 2602 564 se

168 592 230 653 in
272 590 480 652 altero,
578 590 755 651 Idem
786 591 1225 670 comprobatur
1257 591 1686 670 experimento
1715 590 2041 654 luculento.
2140 595 2356 657 Motus
2386 620 2602 661 omnes

166 689 388 752 eodem
440 688 628 750 modo
678 709 747 749 se
798 688 1031 749 habent
1081 689 1142 748 in
1196 688 1355 759 navi,
1410 688 1544 748 sive
1602 710 1677 749 ea
1734 691 2025 769 quiescat,
2087 692 2222 754 sive
2281 709 2604 758 moveatur

167 787 550 853 uniformiter
579 787 638 847 in
670 787 986 848 directum.

829 1111 1700 1173 COROLLARIUM
1795 1113 1931 1173 VI.

72 1333 82 1343 .
164 1277 246 1338 Sz'
280 1285 533 1358 corpora
576 1285 938 1339 moveantur
975 1274 1496 1357 quomodocunque
1535 1276 1702 1336 inter
1730 1299 1801 1351 se,
1847 1279 1928 1343 ἐπ’
1959 1300 1999 1338 a
2039 1280 2275 1342 viribus
2315 1286 2596 1344 accelera-

246 1391 499 1452 tricz'bus
545 1390 883 1471 oequalz‘bus
930 1388 1254 1451 secuudum
1305 1388 1499 1453 lineas
1533 1391 1884 1468 parallelas
1932 1401 2309 1472 urgeantur,·
2343 1404 2599 1476 pergem

241 1503 449 1586 omnia
497 1503 689 1565 eodem
739 1502 909 1564 modo
959 1501 1189 1563 moveri
1234 1501 1402 1561 inter
1445 1523 1518 1575 se,
1571 1523 1641 1561 ac
1689 1503 1749 1563 si
1794 1504 2031 1564 viribus
2079 1504 2213 1565 z'llz‘s
2255 1528 2378 1567 uon
2421 1517 2605 1569 essent

241 1616 516 1678 incitata.

272 1781 442 1842 Nam
498 1783 663 1844 vires
723 1780 841 1843 illae
899 1780 1220 1861 aequaliter
1280 1779 1418 1861 (pro
1469 1779 1916 1860 quantitatibus
1968 1783 2418 1844 movendorum
2470 1806 2598 1845 cor-

154 1881 399 1962 porum)
428 1880 488 1941 &
517 1881 857 1942 secundum
888 1879 1081 1941 lineas
1117 1878 1439 1960 parallelas
1469 1879 1731 1960 agendo,
1764 1901 2023 1959 corpora
2046 1881 2254 1942 omnia
2284 1881 2603 1963 aequaliter

87 2030 90 2031 ν
157 1976 389 2060 (quoad
433 1978 848 2060 velocitatem)
926 1979 1268 2039 movebunt
1339 1999 1450 2057 per
1509 1976 1713 2058 legem
1786 1998 1873 2038 11.
1955 1978 2220 2059 ideoque
2282 2001 2598 2061 nunquam

155 2077 486 2138 mutabunt
513 2078 853 2157 positiones
885 2077 944 2138 &
975 2090 1180 2137 motus
1210 2098 1424 2137 eorum
1457 2076 1616 2136 inter
1644 2098 1727 2136 se.

1111 2336 1119 2344 ·
1209 2300 1536 2360 Sclaolz'um.

270 2452 595 2513 Hactenus
639 2451 938 2532 principia
980 2451 1205 2511 tradidi
1250 2473 1288 2511 a
1331 2450 1781 2511 mathematicis
1826 2426 2074 2531 recepta
2114 2452 2175 2513 &
2214 2454 2596 2533 experientia

28 2566 45 2583 ⁶
150 2548 467 2630 multiplici
498 2549 872 2611 confirmata.
970 2550 1088 2610 Per
1130 2548 1302 2630 leges
1346 2548 1501 2608 duas
1546 2549 1775 2627 primas
1807 2549 1868 2609 &
1898 2548 2214 2610 corollaria
2243 2552 2368 2612 duo
2398 2553 2597 2632 prima

158 2648 456 2710 Galz'laeus
499 2648 737 2709 invenit
779 2648 1148 2708 descensum
1191 2647 1477 2728 gravium
1522 2668 1661 2707 esse
1706 2647 1766 2706 in
1812 2645 2123 2725 duplicata
2167 2649 2402 2709 ratione
2439 2663 2593 2710 tem-

151 2746 331 2826 poriS,
407 2746 468 2806 81
539 2760 777 2808 motum
850 2743 1257 2827 projectilium
1322 2744 1452 2804 fieri
1518 2745 1579 2804 in
1643 2743 1969 2825 parabola;
2036 2747 2427 2836 conspirante
2490 2770 2593 2809 ex-

152 2845 464 2924 perientia,
498 2845 614 2905 nisi
645 2858 950 2924 quatenus
981 2856 1186 2904 motus
1232 2841 1314 2902 illi
1359 2864 1471 2922 per
1513 2843 1672 2904 aeris
1704 2843 2115 2904 resistentiam
2146 2843 2593 2925 aliquantulum

62 3008 68 3015 ,
126 2941 551 3004 retardantur.
666 2943 944 3023 Corpore
989 2942 1250 3031 cadente
1292 2942 1568 3023 gravitas
1612 2942 1947 3014 uniformiS‚
1994 2942 2252 3024 singulis
2298 2947 2592 3024 temporis

89 3090 98 3099 .
150 3038 458 3119 particulis
516 3039 857 3121 aequalibus
916 3038 1237 3119 aequaliter
1292 3040 1539 3121 agendo
1604 3040 1899 3119 imprimit
1966 3041 2129 3101 vires
2193 3041 2464 3121 aequales
2530 3044 2590 3103 in

150 3158 370 3218 corpus
421 3137 585 3211 illud,
641 3139 701 3200 &
750 3138 1110 3200 velocitates
1162 3138 1433 3219 aequales
1484 3152 1781 3220 generat:
1844 3139 1904 3199 ἃ
1956 3152 2235 3219 tempore
2282 3154 2415 3202 toto
2461 3143 2589 3202 vim

149 3247 342 3296 totam
372 3236 667 3317 imprimit
697 3237 758 3298 &
793 3235 1186 3298 velocitatem
1222 3250 1418 3298 totam
1452 3250 1713 3318 generat
1747 3237 2009 3316 tempori
2045 3238 2583 3317 proportionalem.

153 3332 240 3394 Et
287 3335 488 3414 spatia
530 3336 911 3415 temporibus
955 3334 1516 3416 proportionalibus
1560 3335 1884 3414 descripta,
1931 3348 2076 3396 sunt
2118 3349 2188 3396 ut
2230 3336 2588 3398 velocitates

149 3430 211 3492 &
259 3444 539 3512 tempora
581 3434 989 3515 conjunctim;
1042 3433 1105 3493 id
1150 3445 1247 3494 est
1291 3433 1351 3492 in
1396 3430 1709 3511 duplicata
1753 3433 1989 3493 ratione
2040 3446 2404 3512 temporum.
2500 3435 2588 3495 Et

147 3549 403 3610 corpore
452 3553 696 3592 sursum
748 3533 1022 3613 projecto
1064 3531 1340 3612 gravitas
1384 3530 1704 3591 uniformis
1748 3531 1913 3591 vires
1966 3531 2260 3610 imprimit
2305 3531 2377 3592 &zv
2415 3530 2582 3593 velo-

146 3626 360 3689 citates
410 3628 610 3690 aufert
637 3629 1018 3709 temporibus
1062 3627 1592 3708 proportionales3
1644 3649 1717 3688 ac
1760 3641 2041 3708 tempora
2083 3630 2458 3689 ascendendi
2502 3630 2583 3689 ad

146 3721 497 3786 altitudines
542 3748 816 3788 summas
860 3739 1006 3787 sunt
1045 3739 1114 3786 ut
1155 3725 1515 3787 velocitates
1555 3726 1926 3800 auferendae,
1970 3726 2030 3787 &
2074 3725 2426 3787 altitudines
2463 3725 2580 3786 illae

145 3834 289 3884 sunt
330 3835 400 3884 ut
442 3821 798 3886 velocitates
843 3846 914 3885 ac
958 3838 1239 3905 tempora
1284 3826 1671 3906 conjunctim,
1717 3846 1826 3885 seu
1875 3825 1933 3884 in
1986 3822 2295 3902 duplicata
2346 3824 2580 3884 ratione
