2852 4250
1129 116 1369 168 LIBER
1400 116 1711 168 PRIMUS.
2525 143 2547 187 1
2565 141 2636 205 75

70 305 95 363 s
198 279 636 362 sesquiplicata
684 279 821 362 (per
862 277 1044 341 corol.
1095 283 1132 340 6
1177 299 1351 358 prop.
1404 277 1508 360 lv).
1621 278 1691 340 Si
1734 278 1832 339 vis
1878 276 1980 339 illa
2023 281 2296 360 corporis
2356 286 2644 348 centralis

201 379 501 463 paulatim
560 379 1003 466 languesceret,
1054 398 1274 456 corpus
1318 376 1383 436 Ρ
1426 377 1628 436 minus
1672 397 1921 455 semper
1964 376 2024 437 &
2069 379 2271 438 minus
2315 394 2643 444 attractum

199 491 502 558 perpetuo
547 477 864 538 recederet
906 474 1151 556 longius
1194 495 1233 534 a
1274 486 1488 534 centro
1529 473 1594 532 T
1603 498 1629 544 ,·
1673 472 1733 533 &
1763 487 1993 548 contra,
2027 475 2079 534 si
2096 475 2204 557 ‚vis
2243 475 2344 537 illa
2387 499 2642 560 augere-

197 589 310 646 tur,
343 574 664 636 accederet
705 574 976 653 propius,
1072 572 1248 652 Ergo
1291 570 1343 630 si
1387 569 1549 630 actio
1593 571 1865 649 corporis
1910 569 2231 652 longinqui
2276 575 2342 645 S,
2383 597 2507 655 qua
2549 578 2644 638 vis

140 701 150 712 ·
197 672 299 733 illa
348 672 721 743 diminuitur,
775 683 1078 752 augeatur
1125 690 1197 729 ac
1248 667 1628 728 diminuatur
1676 689 1790 747 per
1834 669 2042 730 vices:
2095 671 2424 751 augebitur
2465 674 2645 736 simul

196 793 268 832 ac
312 771 690 831 diminuetur
732 769 938 829 radius
994 769 1058 828 T
1063 769 1128 828 P
1170 788 1282 847 per
1337 767 1541 838 vices;
1596 766 1656 826 &
1714 778 1961 846 tempus
2020 769 2401 847 periodicum
2458 792 2645 854 auge-

79 922 119 948 ..
193 869 360 928 bitur
414 889 487 928 ac
544 867 922 926 diminuetur
978 865 1040 924 in
1099 864 1337 925 ratione
1396 862 1740 942 composita
1798 885 1876 924 ex
1925 865 2161 926 ratione
2213 869 2648 949 sesquiplicata

194 965 363 1036 radii,
398 965 458 1025 &
488 964 723 1024 ratione
753 961 1196 1043 subduplicata‚
1230 983 1355 1042 qua
1389 962 1484 1022 vis
1522 959 1623 1021 illa
1667 963 2008 1043 centripeta
2043 967 2315 1045 corporis
2361 967 2646 1029 centralis

204 1064 272 1144 T,
304 1085 416 1144 per
459 1065 904 1124 incrementum
949 1061 1049 1122 vel
1094 1061 1561 1122 decrementum
1605 1061 1863 1122 actionis
1909 1064 2182 1141 corporis
2220 1063 2542 1146 longinqui
2575 1069 2640 1139 S,

193 1161 554 1222 diminuitur
584 1159 684 1221 vel
715 1172 992 1241 augetur.

310 1261 505 1320 Corol.
548 1278 594 1337 7.
647 1259 748 1318 Ex
779 1257 1114 1339 praemissis
1145 1256 1544 1336 consequitur
1572 1256 1775 1328 etiam,
1802 1257 1970 1337 quod
2003 1256 2290 1338 ellipseos
2322 1282 2359 1320 a
2388 1282 2645 1341 corpore
2720 1315 2729 1323 .

193 1359 257 1419 P
313 1358 639 1438 descriptae
699 1349 848 1429 axis
910 1379 1019 1417 seu
1085 1356 1372 1436 apsidum
1446 1354 1622 1426 linea,
1685 1356 1892 1435 quoad
1964 1370 2202 1416 motum
2267 1359 2643 1439 angularem,

192 1457 586 1538 progreditur
637 1456 697 1516 &
758 1455 1105 1537 regreditur
1154 1475 1267 1534 per
1316 1453 1499 1524 viceS,
1554 1453 1666 1513 sed
1720 1454 1919 1535 magis
1973 1467 2181 1515 tamen
2236 1458 2643 1538 progreditur,

192 1554 252 1615 &
283 1576 395 1635 per
423 1575 745 1615 excessum
791 1551 1243 1635 progressionis
1287 1552 1482 1613 fertur
1511 1552 1571 1611 in
1604 1554 2064 1632 consequentia.
2166 1553 2334 1613 Nam
2381 1555 2476 1614 vis
2523 1578 2647 1635 qua

191 1650 412 1732 corpus
455 1654 520 1712 Ρ
562 1666 818 1733 urgetur
861 1652 921 1712 in
954 1673 1176 1730 corpus
1234 1651 1298 1710 T
1333 1651 1393 1710 in
1440 1650 1846 1730 quadraturiS‚
1880 1651 1985 1711 ubi
2030 1652 2127 1711 vis
2158 1652 2343 1711 MN
2378 1655 2644 1726 evanuit,

190 1749 580 1831 componitur
622 1771 700 1810 ex
745 1750 807 1809 vi
852 1750 1029 1809 LM
1064 1749 1124 1809 &
1169 1749 1230 1808 vi
1277 1748 1633 1828 centripeta,
1669 1769 1793 1827 qua
1836 1771 2059 1829 corpus
2109 1750 2172 1809 T
2206 1750 2393 1810 trahit
2424 1773 2646 1830 corpus

188 1849 263 1911 P.
355 1849 470 1908 V-is
514 1848 682 1927 prior
723 1848 782 1907 L
805 1848 907 1921 M,
942 1847 992 1907 si
1030 1861 1332 1928 augeatur
1361 1847 1655 1908 distantia
1685 1849 1748 1907 Ρ
1779 1848 1844 1918 Τ,
1878 1861 2143 1928 augetur
2174 1849 2234 1908 in
2267 1849 2485 1909 eadem
2519 1850 2647 1910 fere

188 1947 426 2007 ratione
484 1967 623 2005 cum
682 1945 798 2006 hac
855 1946 1164 2018 distantia,
1228 1946 1288 2007 &
1347 1948 1442 2007 vis
1501 1947 1808 2026 posterior
1865 1946 2168 2008 decrescit
2220 1948 2280 2007 in
2334 1948 2646 2028 duplicata

190 2042 291 2103 illa
335 2044 586 2114 ratione,
621 2044 887 2124 ideoque
932 2066 1175 2104 summa
1219 2045 1437 2104 harum
1483 2046 1706 2105 virium
1752 2044 2054 2105 decrescit
2091 2046 2150 2105 in
2185 2047 2422 2107 minore
2455 2069 2642 2127 quam

187 2142 499 2222 duplicata
539 2143 774 2203 ratione
819 2143 1131 2204 distantiae
1161 2145 1225 2203 Ρ
1260 2144 1329 2217 T,
1365 2143 1425 2203 &
1456 2156 1789 2223 propterea
1823 2141 1959 2224 (per
2002 2142 2182 2205 corol.
2227 2165 2247 2203 1
2288 2166 2459 2223 prop.
2496 2146 2645 2226 XLV)

189 2240 376 2300 efficit
420 2254 488 2300 ut
531 2262 668 2312 aux,
715 2263 825 2301 seu
872 2241 1037 2320 apsis
1083 2262 1340 2312 summa,
1389 2241 1786 2322 regrediatur.
1900 2242 1972 2300 In
2019 2243 2451 2322 conjunctione
2496 2266 2647 2304 vero

189 2337 250 2398 &
294 2338 686 2418 oppositione
729 2337 840 2410 vis,
875 2360 998 2418 qua
1042 2360 1264 2418 corpus
1307 2339 1372 2398 Ρ
1414 2351 1669 2419 urgetur
1699 2339 1759 2398 in
1797 2360 2018 2418 corpus
2062 2340 2128 2410 T,
2162 2340 2510 2400 differentia
2553 2355 2650 2402 est

188 2436 348 2497 inter
396 2436 540 2508 vim,
591 2458 715 2515 qua
758 2457 981 2515 corpus
1038 2437 1101 2496 T
1134 2436 1322 2496 trahit
1366 2458 1588 2515 corpus
1632 2437 1709 2507 Ρ,
1744 2436 1804 2496 &
1847 2437 1976 2500 vim
2022 2438 2101 2496 K
2111 2438 2217 2509 L‚·
2263 2438 2322 2498 &
2360 2439 2646 2500 differen-

186 2536 274 2596 tia
325 2533 440 2606 illa,
494 2548 823 2615 propterea
874 2534 1043 2614 quod
1096 2534 1191 2593 vis
1241 2535 1323 2593 K
1337 2535 1396 2593 L
1452 2547 1716 2614 augetur
1766 2535 2237 2614 quamproxime
2289 2537 2350 2595 in
2411 2538 2648 2599 ratione

186 2634 496 2694 distantiae
538 2634 602 2693 Ρ
635 2634 702 2705 T,
735 2633 1036 2694 decrescit
1080 2633 1141 2692 in
1187 2633 1419 2713 majore
1465 2653 1652 2712 quam
1697 2631 2009 2711 duplicata
2053 2634 2292 2694 ratione
2336 2635 2648 2697 distantiae

184 2733 249 2792 Ρ
278 2732 347 2806 7²,
403 2731 669 2811 ideoque
718 2731 854 2812 (per
897 2729 1078 2791 corol.
1139 2751 1159 2790 1
1213 2751 1386 2809 prop.
1440 2733 1587 2809 XLV)
1641 2730 1828 2789 efficit
1887 2743 1955 2789 ut
2013 2752 2137 2790 aux
2195 2732 2642 2812 progrediatur.

194 2831 268 2891 In
299 2829 448 2892 locis
494 2831 655 2891 inter
697 2829 983 2911 syzygias
1030 2827 1090 2888 &
1135 2827 1543 2908 quadraturas
1589 2828 1823 2907 pendet
1868 2840 2072 2887 motus
2117 2829 2294 2909 augis
2340 2851 2418 2890 ex
2463 2853 2649 2891 causa

184 2943 445 3009 utraque
489 2929 878 3010 conjunctim,
925 2928 1086 2988 adeo
1130 2940 1198 2987 ut
1241 2948 1355 3006 pro
1401 2926 1582 3007 hujus
1628 2925 1727 2986 vel
1781 2924 2031 2986 alterius
2084 2948 2341 2987 excessu
2395 2951 2645 3010 progre-

112 3063 116 3068 -
186 3025 390 3086 diatur
434 3026 569 3105 ipsa
612 3025 712 3086 vel
751 3026 1147 3108 regrediatur.
1244 3024 1437 3085 Unde
1482 3046 1621 3084 cum
1653 3025 1750 3085 vis
1779 3024 1859 3083 K
1871 3025 1929 3084 L
1966 3024 2027 3083 in
2059 3026 2330 3106 syzygiis
2361 3027 2441 3086 sit
2471 3029 2646 3107 quasi

185 3121 376 3201 duplo
422 3124 619 3204 major
661 3145 850 3203 quarn
896 3124 991 3183 vis
1036 3124 1213 3183 LM
1247 3123 1308 3183 in
1349 3122 1757 3202 quadraturiS‚
1791 3143 2083 3182 excessus
2121 3124 2236 3183 erit
2280 3145 2473 3203 penes
2515 3126 2646 3184 'vim

185 3219 267 3280 K
276 3220 355 3291 L,
388 3219 840 3300 transferetque
884 3242 1110 3302 augem
1158 3221 1218 3280 in
1264 3220 1724 3300 consequentia.
1819 3220 2070 3281 Veritas
2115 3235 2324 3281 autem
2372 3223 2552 3304 hujus
2586 3224 2646 3284 &

79 3399 82 3402 .
183 3317 592 3396 praecedentis
644 3316 942 3379 corollarii
995 3317 1230 3378 facilius
1284 3317 1660 3399 intelligetur
1716 3318 2124 3397 concipiendo
2182 3333 2456 3399 systema
2515 3343 2643 3382 cor-

185 3435 405 3495 porum
449 3415 712 3476 duorum
770 3416 837 3486 T,
869 3416 933 3475 Ρ
975 3416 1335 3495 corporibus
1380 3414 1658 3495 pluribus
1704 3416 1769 3486 S,
1805 3416 1870 3486 S,
1904 3417 1972 3490 S,
2009 3416 2117 3477 &o
2155 3418 2216 3475 in
2247 3418 2398 3477 orbe
2427 3419 2496 3477 E
2513 3419 2650 3478 SE

185 3504 678 3585 consistentibus,
710 3513 987 3593 undique
1017 3514 1196 3595 cingi.
1294 3514 1588 3594 Namque
1632 3513 1853 3575 horum
1889 3513 2233 3574 actionibus
2263 3515 2423 3575 actio
2455 3514 2644 3593 ipsius

197 3609 262 3671 T
308 3610 620 3671 minuetur
675 3611 967 3692 undique,
1028 3612 1470 3691 decrescetque
1530 3611 1591 3671 in
1652 3611 1888 3672 ratione
1945 3610 2276 3692 plusquam
2335 3611 2645 3692 duplicata

91 3760 95 3765 .
186 3706 512 3769 distantiae.
