2846 4250
202 119 321 196 518
1003 115 1117 164 DE
1152 114 1439 192 MUNDJ
1465 114 1823 166 SYSTEMA
1835 116 1932 165 TE

194 283 453 356 untium,
517 276 1002 344 determinanda
1061 280 1362 363 relinquo,
1510 282 1761 344 Interea
1822 282 1966 347 huic
2028 285 2286 369 negotio
2347 288 2696 370 propositio

195 404 469 466 sequens
502 381 715 445 lumen
749 383 1096 445 accendere
1128 396 1354 465 potest.

429 595 1070 696 PRDPOSITIO
1155 633 1408 695 XLII.
1540 633 2118 697 PROBLEMA
2203 637 2466 701 XXII.

729 855 1064 915 Inventam
1095 862 1333 915 cometoe
1361 855 1785 937 trajectorz'am
1825 857 2142 941 corrigere.

307 1079 601 1159 Operatio
643 1100 687 1140 1.
785 1078 1173 1139 Assumatur
1230 1079 1463 1159 positio
1523 1078 1693 1160 plani
1754 1082 2146 1165 trajectoriae‚
2197 1106 2312 1165 per
2362 1088 2697 1168 propositi-

189 1202 376 1242 onem
439 1180 829 1261 superiorem
893 1179 1193 1252 inventa3
1264 1178 1326 1239 &
1386 1178 1737 1263 seligantur
1795 1183 1916 1243 tria
1967 1181 2106 1244 loca
2158 1199 2423 1249 cometae
2485 1188 2697 1251 obser-

188 1281 547 1343 vationibus
622 1280 1108 1341 accuratissimis
1180 1279 1443 1340 definita
1520 1280 1582 1341 &
1653 1281 1735 1342 ab
1808 1282 2082 1344 invicem
2159 1306 2352 1366 quam
2420 1290 2698 1351 maxime

186 1386 522 1459 distantia;
571 1386 780 1466 sitque
813 1384 876 1445 A
912 1398 1163 1465 tempus
1211 1384 1375 1446 inter
1418 1385 1690 1466 primam
1725 1386 1786 1448 &
1822 1388 2186 1463 secundam,
2221 1412 2294 1452 ac
2346 1392 2395 1453 Β
2445 1406 2698 1477 tempus
2784 1455 2813 1478 .-

187 1489 349 1549 inter
400 1488 744 1549 secundam
799 1510 872 1548 ac
925 1488 1192 1549 tertiam.
1309 1487 1644 1550 Cometam
1699 1501 1914 1551 autem
1977 1489 2039 1550 in
2089 1511 2309 1553 eorum
2359 1491 2574 1576 aliquo
2634 1496 2697 1558 in

186 1589 464 1671 perigaeo
495 1588 732 1649 versari
766 1589 1082 1665 convenit,
1110 1586 1211 1650 vel
1238 1587 1463 1650 saltem
1498 1610 1623 1651 non
1658 1587 1849 1673 longe
1881 1612 1918 1650 a
1949 1591 2232 1674 perigaeo
2263 1593 2505 1658 abesse.
2590 1597 2698 1658 Ex

186 1689 282 1750 his
329 1688 481 1751 locis
527 1689 980 1770 apparentibus
1029 1689 1450 1765 inveniantur,
1500 1711 1616 1770 per
1667 1691 2074 1771 operationes
2129 1693 2695 1777 trigonometricaS‚

185 1788 322 1852 loca
354 1791 470 1851 tria
501 1812 653 1851 vera
685 1804 950 1852 cometae
985 1791 1046 1851 in
1080 1803 1409 1870 assumpto
1443 1789 1548 1851 illo
1579 1789 1772 1871 plano
1804 1793 2196 1876 trajectoriae.
2295 1796 2553 1861 Deinde
2583 1821 2701 1881 per

184 1889 321 1952 loca
369 1889 472 1951 illa
525 1891 799 1964 inventa,
849 1892 1012 1952 circa
1064 1903 1350 1952 centrum
1406 1889 1556 1953 solis
1608 1913 1721 1953 ceu
1770 1892 2153 1969 umbilicum,
2209 1919 2326 1978 per
2382 1901 2697 1981 operatio-

186 2012 296 2051 nes
350 1990 776 2052 arithmeticas
838 2013 960 2072 ope
1014 2013 1191 2072 prop.
1245 2012 1361 2052 xxl
1410 1991 1512 2055 lib.
1582 2014 1603 2053 1
1668 1993 2004 2069 institutaS,
2057 1997 2453 2062 describatur
2502 2003 2701 2066 sectio

182 2091 437 2152 conica:
485 2091 546 2151 &
578 2092 713 2173 ejus
760 2114 941 2164 areae,
977 2092 1168 2153 radiis
1201 2115 1238 2153 a
1269 2091 1403 2155 sole
1449 2093 1532 2154 ad
1582 2092 1720 2155 loca
1766 2095 2027 2158 inventa
2071 2098 2278 2160 ductis
2324 2101 2696 2178 terminatae,

182 2204 369 2252 sunto
407 2191 468 2252 D
505 2191 564 2252 ἃ
601 2192 655 2251 E
689 2215 700 2264 ;
750 2214 981 2275 nempe
1019 2194 1081 2254 D
1114 2216 1263 2255 area
1310 2194 1475 2256 inter
1518 2195 2034 2266 observationem
2081 2200 2350 2281 primam
2384 2202 2447 2264 ἃ
2477 2225 2696 2266 secun-

183 2292 346 2364 dam,
384 2291 444 2352 ἃ
481 2292 535 2351 Ε
572 2315 718 2354 area
753 2294 916 2355 inter
960 2295 1307 2356 secundam
1347 2318 1420 2357 ac
1467 2297 1736 2359 tertiam.
1832 2297 2062 2381 Sitque
2096 2300 2156 2361 T
2190 2314 2443 2384 tempus
2475 2317 2697 2381 totum,

183 2415 310 2474 quo
356 2415 502 2454 area
547 2406 681 2455 tota
728 2395 942 2462 D÷E
995 2394 1333 2458 velocitate
1366 2409 1633 2459 cometae
1687 2419 1803 2479 per
1854 2422 2031 2483 prop.
2072 2422 2180 2464 XVI
2226 2402 2329 2466 lib.
2377 2426 2398 2466 1
2440 2405 2702 2470 inventa

181 2493 448 2555 describi
482 2494 688 2556 debet.

302 2595 481 2674 Oper.
525 2615 573 2656 2.
628 2594 969 2677 Augeatur
1000 2595 1337 2680 longitudo
1370 2598 1683 2661 nodorum
1715 2598 1887 2681 plani
1922 2602 2315 2686 trajectoriae,
2349 2605 2584 2669 additis
2615 2609 2697 2670 ad

182 2692 644 2777 longitudinem
701 2694 869 2756 illam
922 2696 1023 2759 2o'
1072 2696 1174 2760 vel
1229 2698 1347 2778 3o'‚
1383 2722 1528 2781 quae
1582 2701 1874 2763 dicantur
1920 2702 2003 2778 P;
2070 2703 2133 2766 &
2185 2718 2475 2769 servetur
2524 2707 2696 2790 plani

183 2794 346 2857 illius
402 2794 722 2858 inclinatio
775 2797 856 2857 ad
913 2796 1173 2878 planum
1227 2799 1549 2882 eclipticae.
1681 2802 1937 2865 Deinde
1988 2826 2069 2866 ex
2122 2806 2443 2887 praedictis
2497 2810 2697 2872 tribus

183 2910 446 2959 cometae
478 2896 629 2959 locis
670 2898 1023 2960 observatis
1073 2901 1477 2964 inveniantur
1507 2903 1569 2965 in
1603 2904 1723 2966 hoc
1755 2927 1926 2969 novo
1972 2905 2163 2988 plano
2210 2906 2349 2971 loca
2379 2910 2498 2972 tria
2527 2933 2695 2985 vera,

183 3012 253 3059 ut
312 3020 541 3079 supra:
611 2999 843 3061 deinde
897 3001 1088 3061 etiam
1151 3004 1321 3065 orbis
1375 3027 1489 3086 per
1542 3003 1680 3068 loca
1734 3005 1838 3068 illa
1898 3008 2227 3082 transienS,
2292 3009 2354 3071 δε
2406 3012 2693 3094 ejusdem

185 3119 349 3158 areae
410 3098 554 3158 duae
602 3099 763 3160 inter
814 3100 1294 3165 observationes
1347 3105 1684 3187 descriptae
1739 3129 1884 3188 quae
1936 3108 2065 3170 sint
2106 3109 2158 3170 α’
2196 3109 2258 3171 ἃ
2301 3133 2344 3185 e,
2395 3134 2513 3175 nec
2566 3135 2696 3177 non

183 3211 433 3278 tempus
466 3210 669 3258 totum
702 3207 729 3258 t
758 3221 887 3279 quo
918 3223 1065 3262 area
1096 3216 1230 3265 tota
1259 3205 1419 3273 (ι’-με
1447 3206 1718 3268 describi
1751 3207 1998 3272 debeat.

304 3298 485 3377 Oper.
548 3318 599 3375 3.
675 3297 986 3360 Servetur
1037 3300 1370 3385 longitudo
1425 3307 1738 3368 nodorum
1801 3308 1862 3369 in
1924 3310 2295 3391 operatione
2355 3312 2574 3393 prima,
2632 3313 2694 3376 &

184 3410 492 3479 augeatur
523 3395 842 3459 inclinatio
875 3398 1043 3479 plani
1099 3405 1475 3486 trajectoriae
1521 3407 1603 3468 ad
1653 3406 1914 3489 planum
1969 3408 2293 3491 eclipticae‚
2327 3412 2562 3476 additis
2609 3416 2692 3477 ad

186 3497 654 3559 inclinationem
687 3497 855 3559 illam
893 3500 993 3562 2o'
1025 3501 1125 3563 vel
1163 3504 1282 3582 3o‘‚
1318 3528 1463 3586 quae
1516 3507 1809 3571 dicantur
1859 3509 1939 3589 Q.
2040 3511 2297 3575 Deinde
2345 3535 2427 3575 ex
2475 3515 2687 3578 obser-

184 3600 347 3661 vatis
379 3600 699 3680 praedictis
732 3590 931 3661 tribu's
981 3618 1246 3666 cometae
1301 3605 1453 3668 locis
1509 3610 1965 3690 apparentibus
2009 3611 2413 3675 inveniantur
2459 3615 2523 3676 in
2572 3615 2694 3679 hoc

186 3722 354 3761 novo
406 3698 598 3780 plano
650 3698 788 3761 loca
842 3700 961 3762 tria
1014 3725 1182 3777 vera,
1238 3707 1537 3789 orbisque
1589 3733 1706 3791 per
1764 3711 1904 3773 loca
1964 3709 2069 3773 illa
2121 3712 2451 3787 transien5‚
2507 3728 2578 3777 ut
2624 3715 2692 3779 >81

2765 1003 2804 1026 Ο

186 3800 472 3882 ejusdem
518 3822 682 3861 areae
729 3800 874 3862 duae
921 3802 1084 3864 inter
1135 3805 1614 3871 observationes
1660 3811 1996 3892 descriptae
2050 3834 2196 3895 quae
2240 3813 2368 3876 sint
2398 3812 2431 3872 ὃ
2462 3815 2524 3878 8ῑ
2552 3841 2596 3895 ε,
2630 3817 2692 3879 8ι
2778 3816 2786 3821 ’

189 3915 439 3982 tempus
472 3913 676 3963 totum
708 3926 747 3958 τ
777 3923 906 3983 quo
938 3925 1086 3965 area
1116 3917 1251 3967 tota
1281 3903 1380 3975 δ-ι-
1400 3933 1425 3964 ε
1454 3909 1724 3972 describi
1757 3911 2004 3974 debeat.
