2852 4250
1110 129 1362 180 LIBER
1394 129 1704 181 PRIMUS.
2511 151 2535 193 1
2551 149 2584 210 7
2596 150 2620 192 1

188 286 477 351 teriorem
526 289 598 349 E
610 289 758 350 SE.
846 288 947 351 Sit
997 289 1055 350 S
1063 290 1147 351 K
1181 290 1508 352 mediocris
1553 289 1848 351 distantia
1890 311 2216 370 corporum
2258 293 2323 352 P
2366 292 2427 352 &
2457 294 2514 353 S
2515 319 2540 363 ‚·
2570 294 2631 355 81

143 370 462 465 *corporis
489 385 556 445 P
595 403 814 451 'versus
859 387 916 446 S
953 388 1239 450 attractio
1282 387 1694 460 acceleratrix,
1729 389 1791 448 in
1837 388 2130 450 mediocri
2176 387 2278 449 illa
2319 390 2627 464 distantia,

75 470 78 475 ’
192 493 542 561 exponatur
568 503 682 561 per
709 484 988 547 eandem.
1112 486 1186 545 In
1230 485 1546 566 duplicata
1589 486 1826 546 ratione
1871 487 1928 546 S
1940 487 2020 546 K
2056 487 2136 547 ad
2182 488 2239 547 S
2251 489 2315 546 P
2356 490 2633 568 capiatur

87 644 90 646 ,
194 581 253 642 S
263 580 323 640 L
370 580 452 640 ad
483 580 540 640 S
550 581 639 652 Is,
673 580 735 641 &
764 582 880 642 erit
910 583 968 642 S
983 583 1043 642 L
1091 585 1376 645 attractio
1406 582 1802 645 acceleratrix
1831 585 2105 664 corporis
2133 585 2198 644 P
2239 607 2457 646 versus
2490 587 2547 646 S
2571 588 2631 647 in

84 756 92 766 .
194 677 488 738 distantia
517 679 739 758 quavis
771 679 828 739 S
841 679 919 741 P.
1033 681 1242 763 Junge
1269 684 1335 742 P
1363 683 1436 761 T,—
1468 683 1651 762 eique
1681 680 2036 762 parallelam
2067 704 2186 764 age
2214 684 2273 743 L
2296 685 2391 743 M
2422 706 2630 745 occur-

87 775 93 843 ᾗ
187 787 426 836 rentem
457 775 514 836 S
538 775 603 835 T
620 775 682 836 in
711 776 808 836 M
811 802 836 847 ,·
867 775 927 837 &
956 781 1240 841 attractio
1271 781 1328 840 S
1340 781 1401 841 L
1440 779 1787 842 resolvetur
1819 778 1957 862 (per
1997 778 2206 862 legum
2252 780 2433 843 corol.
2473 781 2532 864 2)
2569 784 2631 843 in

72 932 75 933 a
113 901 121 908 ·
185 873 582 934 attractiones
621 873 679 934 S
689 874 788 946 M,
833 875 894 934 L
915 876 1015 938 M.
1139 878 1227 938 Et
1270 878 1358 939 sic
1402 878 1725 960 urgebitur
1753 900 1976 958 corpus
2005 879 2070 938 P
2111 879 2175 939 vi
2206 878 2631 941 acceleratrice

110 958 114 961 ¹
190 970 427 1051 triplici.
521 971 636 1031 Vis
667 993 790 1031 una
820 973 1020 1035 tendit
1048 975 1128 1035 ad
1171 977 1238 1048 T,
1273 976 1335 1036 &
1378 977 1572 1037 oritur
1599 998 1637 1037 a
1667 990 1882 1037 mutua
1910 978 2274 1039 attractione
2304 1000 2632 1058 corporum

64 1142 66 1149 y
198 1069 263 1129 Τ
281 1068 342 1130 &
369 1070 447 1131 P.
544 1068 687 1130 Hac
717 1070 779 1130 vi
810 1069 943 1131 sola
972 1093 1195 1153 corpus
1225 1075 1290 1134 P
1317 1073 1545 1134 circum
1577 1096 1800 1154 corpus
1844 1076 1911 1148 T,
1944 1076 2078 1136 sive
2123 1076 2463 1150 immotum,
2497 1078 2632 1139 sive

80 1158 81 1161 ¹
187 1166 304 1228 hac
361 1168 727 1229 attractione
783 1169 1131 1250 agitatum„
1163 1171 1514 1233 describere
1571 1172 1830 1234 deberet
1888 1174 1948 1234 &
2006 1196 2198 1247 areaS,
2252 1176 2425 1237 radio
2468 1177 2532 1236 P
2561 1177 2629 1248 Τ,

66 1342 71 1347 ,
187 1266 570 1346 temporibus
628 1267 1138 1347 proportionaleS,
1190 1268 1251 1330 &
1301 1268 1543 1350 ellipsin
1603 1271 1699 1331 cui
1761 1270 2085 1333 umbilicus
2144 1286 2241 1334 est
2299 1274 2359 1333 in
2419 1287 2632 1335 centro

94 1403 98 1406 -
187 1364 460 1443 corporis
503 1364 569 1425 T.
692 1365 873 1426 Patet
916 1365 1033 1427 hoc
1077 1384 1191 1447 per
1219 1389 1394 1448 prop.
1431 1388 1518 1444 x1,
1553 1369 1614 1430 &
1644 1369 1964 1431 corollaria
2010 1392 2041 1430 2
2093 1370 2153 1431 Sc
2187 1392 2220 1449 3
2268 1372 2459 1433 theor.
2495 1391 2624 1433 XXI.

51 1535 54 1540 Ι
187 1461 303 1523 Vis
353 1461 547 1523 altera
597 1476 694 1524 est
742 1465 1124 1526 attractionis
1174 1466 1355 1539 LM,
1417 1489 1559 1548 quae
1611 1469 1906 1549 quoniam
1959 1469 2160 1529 tendit
2210 1491 2247 1530 a
2296 1471 2361 1530 Ρ
2417 1470 2497 1531 ad
2559 1471 2628 1543 Τ,

80 2480 83 2482 v
183 2446 584 2525 superaddita
613 2447 676 2507 vi
707 2448 893 2527 priori
925 2448 1230 2509 coincidet
1259 2469 1398 2507 cum
1432 2448 1579 2527 ipsa,
1609 2448 1668 2508 ὃς
1692 2449 1777 2508 sic
1801 2448 1983 2509 faciet
2006 2461 2074 2509 ut
2096 2470 2257 2508 areae
2289 2448 2627 2510 etiamnum

184 2544 566 2623 temporibus
597 2546 1089 2624 proportionales
1120 2548 1549 2608 describantur
1591 2570 1704 2627 per
1747 2547 1928 2608 corol.
1970 2569 2002 2625 3
2051 2548 2244 2608 theor.
2282 2567 2411 2608 XXI.
2535 2549 2628 2609 At

119 2678 122 2682 ·
185 2643 479 2722 quoniam
525 2664 649 2703 non
694 2657 791 2705 est
834 2645 1139 2724 quadrato
1190 2646 1502 2707 distantiae
1560 2648 1624 2706 Ρ
1654 2647 1717 2706 Τ
1765 2647 2075 2726 reciproce
2134 2647 2625 2726 proportionali3‚

185 2754 517 2820 componet
568 2763 643 2802 ea
694 2764 834 2802 cum
894 2743 956 2803 vi
1004 2744 1208 2823 priore
1268 2745 1395 2804 vim
1443 2745 1523 2804 ab
1583 2744 1698 2804 hac
1758 2746 2158 2824 proportione
2217 2745 2624 2817 aberrantem,

185 2837 374 2917 idque
405 2861 480 2899 eo
512 2841 726 2921 magiS‚
760 2862 885 2920 quo
931 2843 1127 2922 major
1170 2855 1266 2902 est
1310 2843 1627 2922 proportio
1672 2843 1854 2923 hujus
1899 2844 1994 2903 vis
2040 2844 2120 2903 ad
2166 2843 2294 2903 vim
2340 2844 2624 2923 priorem,

49 2964 57 2994 ;
183 2936 421 2997 caeteris
465 2938 732 3016 paribus,
830 2938 1097 3000 Proinde
1143 2962 1283 3000 cum
1334 2940 1470 3020 (per
1520 2962 1693 3021 prop.
1744 2962 1828 3013 XI,
1864 2942 1924 3002 &
1969 2964 2081 3022 per
2124 2941 2305 3003 corol.
2348 2964 2378 3001 2
2429 2943 2621 3004 theor.

109 3023 112 3026 ¹
183 3032 323 3115 xx1)
371 3033 483 3105 viS,
531 3056 655 3114 qua
698 3034 928 3115 ellipsis
973 3038 1132 3097 circa
1175 3038 1533 3099 umbilicum
1592 3041 1655 3099 Τ
1687 3040 2068 3112 describitur,
2101 3041 2357 3101 tendere
2401 3042 2629 3102 debeat

182 3130 263 3191 ad
322 3131 677 3192 umbilicum
744 3132 929 3206 illum,
993 3135 1053 3196 &
1126 3158 1266 3197 esse
1339 3138 1644 3218 quadrato
1717 3139 2027 3200 distantiae
2099 3141 2163 3199 Ρ
2193 3141 2255 3200 Τ
2318 3141 2627 3220 reciproce

181 3230 690 3310 proportionalis;
751 3233 846 3292 vis
908 3232 1008 3294 illa
1066 3237 1425 3315 composita,
1485 3237 1833 3298 aberrando
1891 3238 1970 3297 ab
2036 3238 2150 3298 hac
2210 3239 2623 3318 proportione,

181 3326 366 3388 faciet
394 3342 464 3388 ut
506 3330 672 3390 orbis
716 3331 864 3391 PA
887 3332 953 3391 B
995 3333 1239 3394 aberret
1283 3356 1320 3394 a
1363 3334 1562 3395 forma
1605 3334 1894 3414 ellipseos
1939 3335 2294 3395 umbilicum
2342 3335 2625 3396 habentis

184 3425 245 3485 in
288 3426 352 3486 T
359 3452 382 3496 ,·
426 3426 614 3507 idque
644 3450 720 3489 eo
757 3430 971 3510 magiS,
1005 3452 1130 3511 quo
1175 3433 1373 3513 major
1415 3445 1512 3493 est
1554 3433 1862 3494 aberratio
1907 3434 1986 3494 ab
2032 3434 2147 3493 hac
2191 3434 2623 3512 proportione;

183 3536 372 3604 atque
431 3525 573 3586 ideo
630 3527 817 3587 etiam
870 3549 995 3607 quo
1048 3531 1246 3611 major
1297 3544 1393 3592 est
1443 3532 1762 3611 proportio
1814 3532 1909 3591 vis
1968 3532 2259 3592 secundae
2317 3532 2375 3614 L
2404 3532 2498 3590 M
2544 3531 2623 3590 ad

182 3622 311 3683 vim
355 3624 635 3703 primam,
682 3627 920 3686 caeteris
968 3628 1235 3706 paribus.
1354 3630 1496 3709 Jam
1542 3651 1694 3690 vero
1738 3629 1834 3689 vis
1879 3630 2060 3690 tertia
2105 3630 2270 3700 SM,
2321 3629 2623 3689 trahendo

183 3740 408 3800 corpus
464 3722 530 3782 P
585 3723 926 3784 secundum
985 3724 1211 3786 lineam
1273 3727 1388 3806 ipsi
1450 3728 1507 3787 S
1532 3728 1596 3787 T
1656 3726 2031 3806 parallelam,
2092 3739 2425 3805 componet
2482 3747 2621 3785 cum

182 3817 416 3881 viribus
447 3819 752 3901 prioribus
783 3822 928 3896 vim,
961 3844 1102 3905 quae
1148 3845 1271 3887 non
1318 3823 1583 3905 amplius
1628 3824 1913 3906 dirigitur
1941 3846 1978 3884 a
2008 3825 2071 3884 P
2114 3824 2176 3884 in
2220 3824 2282 3883 T
2289 3849 2313 3893 ,·
2356 3843 2621 3902 quaeque
