2846 4250
0 0 223 7 --—.

126 172 252 231 470
910 142 1025 192 DE
1060 141 1137 191 M
1141 139 1347 191 UNDI
1372 138 1419 189 S
1428 136 1732 188 YSTEMA
1743 137 1840 186 TE

130 335 227 382 tas
260 318 579 379 minuatur
606 308 955 374 auferendo
999 308 1132 370 vim
1185 304 1618 388 centrifugam,
1652 324 1798 385 quae
1843 303 2043 365 oritur
2087 325 2128 366 a
2174 314 2352 366 motu
2405 303 2636 369 diurno

133 435 319 482 terrae
367 418 430 479 in
478 413 582 477 illa
624 409 972 482 latitudine,
1019 407 1243 490 gravia
1293 406 1378 467 ibi
1427 403 1717 466 cadendo
1768 403 2132 466 describent
2177 417 2467 486 tempore
2518 406 2657 467 mi-'

136 520 270 583 nuti
319 518 504 579 unius
553 510 814 576 secundi
867 508 1067 589 pedes
1125 525 1194 586 15
1245 506 1371 589 dig.
1435 526 1457 566 1
1521 504 1583 566 &
1627 503 1729 566 lin.
1791 503 1873 570 nir.
1990 504 2080 567 Et
2131 504 2251 567 hac
2298 503 2638 569 velocitate

133 620 358 704 gravia
402 595 629 679 cadere
661 615 723 675 in
768 609 1102 672 latitudine
1145 607 1422 670 Lutetz‘oe
1461 628 1655 688 supra
1699 605 2028 669 ostensum
2074 620 2174 671 est
2216 610 2300 671 ad
2345 632 2523 693 prop.
2574 631 2642 674 Iv

140 724 202 785 ἃ
250 741 383 783 XIX.
1756 792 1761 795 .

256 820 458 883 Corol.
496 820 551 879 8.
608 814 929 877 Distantia
978 810 1314 874 mediocris
1367 823 1728 873 centrorum
1776 823 1963 874 terrae
2013 810 2075 873 &
2122 810 2290 875 lunae
2342 812 2404 874 in
2453 834 2638 895 syzy-

135 923 256 1006 giis
287 920 455 981 lunae
496 929 594 979 est
639 914 972 997 sexaginta
1016 911 1634 974 semidiametrorum
1679 912 2098 974 maximarum
2144 926 2346 987 terrae,
2380 913 2645 994 dempta

136 1021 453 1084 tricesima
500 1030 680 1099 parte
732 1013 1185 1077 semidiametri
1234 1013 1494 1075 circiter.
1594 1013 1684 1074 Et
1730 1013 1792 1073 in
1847 1013 2247 1095 quadraturis
2297 1013 2467 1076 lunae
2515 1015 2642 1076 dis-

141 1123 341 1185 tantia
406 1118 741 1181 mediocris
807 1115 1158 1179 eorundem
1222 1128 1583 1177 centrorum
1650 1126 1750 1176 est
1831 1113 1951 1180 60}
2027 1115 2644 1179 semidiametrorum

140 1238 336 1285 terrae.
434 1220 605 1281 Nam
637 1219 738 1280 hae
770 1218 916 1279 duae
948 1216 1267 1278 distantiae
1316 1228 1466 1276 sunt
1510 1216 1589 1276 ad
1645 1215 2013 1277 distantiam
2060 1217 2447 1280 mediocrem
2478 1217 2647 1280 lunae

142 1325 205 1384 in
239 1320 597 1384 octantibus
632 1332 702 1380 ut
734 1323 814 1395 69
849 1317 910 1379 &
948 1334 1026 1396 70
1057 1316 1138 1377 ad
1173 1315 1291 1394 69}
1321 1337 1437 1397 per
1466 1337 1640 1396 prop.
1678 1334 1905 1377 XXVIII.

235 1425 434 1487 Corol.
470 1444 523 1500 9.
578 1420 901 1483 Distantia
946 1418 1283 1480 mediocris
1329 1430 1689 1479 centrorum
1735 1429 1921 1478 terrae
1955 1415 2017 1478 82
2046 1414 2215 1478 lunae
2262 1417 2325 1478 in
2371 1418 2649 1502 syzygiis
2728 1458 2756 1479 .-

143 1527 311 1589 lunae
347 1537 445 1587 est
493 1522 826 1605 sexa-ginta
874 1520 1490 1583 semidiametrorum
1536 1519 1950 1581 mediocrium
1990 1531 2177 1581 terrae
2225 1541 2371 1582 cum
2403 1520 2652 1583 decima

144 1641 326 1711 parte
386 1622 857 1687 semidiametri.
985 1622 1074 1682 Et
1134 1622 1197 1682 in
1260 1620 1662 1702 quadraturis
1722 1619 1890 1682 lunae
1950 1620 2255 1682 distantia
2314 1621 2651 1685 mediocris

144 1728 493 1792 eorundem
526 1738 885 1787 centrorum
917 1735 1016 1785 est
1045 1722 1382 1805 sexaginta
1428 1721 1489 1783 ἃ
1534 1722 1721 1782 unius
1758 1722 2378 1785 semidiametrorum
2409 1723 2651 1787 medio-

147 1832 344 1893 crium
375 1841 578 1903 terrae,
614 1826 876 1906 dempta
906 1824 1223 1887 tricesima
1252 1836 1434 1905 parte
1464 1821 1938 1885 semidiametri.

240 1930 443 1992 Corol.
489 1949 579 1990 Io.
636 1927 711 1987 In
761 1926 1040 2009 syzygiis
1089 1923 1256 1986 lunae
1305 1923 1644 2005 parallaxis
1697 1925 1834 2008 ejus
1880 1924 2286 1988 horizontalis
2318 1926 2655 1990 mediocris

149 2035 211 2095 in
275 2029 711 2092 latitudinibus
770 2027 1086 2110 graduum
1145 2047 1205 2102 o,
1273 2046 1369 2104 30,
1436 2029 1534 2105 38,
1586 2044 1686 2105 45,
1743 2044 1840 2106 52,
1891 2032 1989 2101 60,
2040 2048 2138 2105 90,
2187 2039 2286 2090 est
2349 2029 2452 2109 57'
2515 2027 2655 2103 20⁰,

155 2130 428 2214 57'16'2
468 2128 569 2210 57'
609 2126 744 2206 14'',
783 2127 885 2207 57'
926 2126 1057 2201 12''‚
1096 2126 1197 2206 57'
1236 2127 1369 2201 10⁰,
1408 2126 1511 2207 57'
1543 2128 1638 2202 8¹2
1677 2128 1780 2208 57'
1810 2126 1896 2207 4''
1925 2129 2298 2210 respective.

160 2246 162 2248 ’
269 2234 343 2294 In
388 2231 485 2292 his
529 2228 1106 2311 computationibus
1144 2229 1586 2291 attractionem
1633 2230 2059 2313 magneticam
2101 2244 2287 2293 terrae
2341 2252 2468 2293 non
2511 2253 2658 2294 con-

148 2333 443 2406 sideravi,
472 2332 647 2414 cujus
678 2330 898 2411 utique
930 2328 1250 2410 quantitas
1282 2351 1599 2411 perparva
1630 2343 1728 2391 est
1760 2330 1821 2392 &
1854 2331 2196 2413 ignoratur.
2322 2331 2655 2413 Siquando

150 2457 304 2497 vero
335 2434 472 2494 haec
502 2431 792 2493 attractio
839 2429 1208 2513 investigari
1239 2431 1490 2511 poterit,
1523 2430 1585 2492 ἃ
1617 2453 1932 2493 mensurae
1961 2432 2277 2514 graduum
2313 2432 2375 2493 in
2408 2433 2659 2494 meridi-

152 2559 289 2608 ano,
323 2556 396 2595 ac
439 2531 873 2614 longitudines
919 2528 1341 2611 pendulorum
1375 2531 1853 2594 isochronorum
1901 2532 1963 2593 in
2010 2532 2280 2594 diversis
2326 2531 2657 2614 paralleliS‚

156 2636 461 2719 legesque
506 2646 794 2695 motuum
840 2631 1046 2704 mariS,
1082 2630 1144 2692 &
1188 2630 1526 2712 parallaxis
1571 2630 1740 2694 lunae
1787 2654 1930 2694 cum
1977 2633 2303 2694 diametris
2349 2655 2657 2714 apparen-

157 2738 323 2799 tibus
372 2735 522 2797 solis
572 2734 634 2795 ἃ
680 2731 849 2794 lunae
897 2755 978 2794 ex
1026 2731 1465 2813 phaenomenis
1514 2724 1866 2794 accuratius
1915 2732 2356 2796 determinatae
2386 2733 2662 2796 fuerint:

157 2837 370 2899 licebit
399 2833 705 2899 calculum
736 2834 903 2895 hunc
935 2855 1191 2895 omnem
1223 2835 1574 2898 accuratius
1606 2848 1913 2917 repetere.

326 3086 966 3150 PROPOSITIO
1028 3085 1498 3150 XXXVIII.
1650 3087 2219 3151 PROBLEMA
2288 3087 2513 3150 XIX.

849 3247 1147 3318 Invenire
1154 3255 1453 3339 figuram
1483 3260 1758 3340 corporis
1787 3261 1971 3323 lunae.

284 3442 356 3504 Si
388 3463 616 3523 corpus
646 3440 866 3502 lunare
896 3441 1160 3502 fluidum
1191 3455 1362 3504 esset
1392 3443 1475 3504 ad
1523 3444 1721 3506 instar
1765 3445 1956 3507 maris
1989 3444 2205 3518 nostri,
2239 3443 2339 3506 vis
2371 3455 2555 3506 terrae
2586 3445 2668 3506 ad

166 3542 432 3603 fluidum
462 3540 616 3603 illud
648 3541 711 3602 in
742 3541 1027 3622 partibus
1061 3541 1121 3602 Sc
1153 3542 1380 3603 citimis
1429 3543 1490 3605 &
1535 3543 1771 3606 ultimis
1804 3545 2189 3608 elevandum
2223 3557 2394 3607 esset
2423 3545 2505 3606 ad
2537 3546 2668 3606 vim

167 3643 354 3720 lunae,
390 3664 516 3724 qua
547 3664 721 3704 mare
767 3654 1053 3703 nostrum
1100 3642 1162 3702 in
1209 3643 1493 3722 partibus
1548 3643 1610 3705 Sc
1657 3645 1776 3706 sub
1825 3643 1977 3707 luna
2031 3645 2093 3707 &
2141 3643 2309 3707 lunae
2358 3645 2669 3726 oppositis

170 3743 486 3818 attollitur,
521 3757 591 3805 ut
633 3742 916 3826 gravitas
961 3739 1366 3803 acceleratrix
1412 3741 1579 3805 lunae
1626 3744 1688 3805 in
1735 3757 1969 3807 terram
2013 3745 2097 3806 ad
2141 3745 2524 3828 gravitatem
2570 3767 2670 3807 ac-

173 3845 598 3908 celeratricem
643 3858 827 3908 terrae
875 3845 937 3906 in
983 3843 1198 3907 lunam
1246 3845 1308 3907 &
1348 3845 1659 3909 diameter
1705 3846 1872 3911 lunae
1920 3849 2003 3910 ad
2057 3849 2438 3912 diametrum
2488 3862 2674 3914 terrae
