2852 4250
203 131 322 206 382
864 123 869 128 ’
1031 128 1149 177 DE
1182 127 1415 179 MOTIJ
1447 126 1755 179 CORPOR
1769 129 1889 180 ΠΜ

1285 347 1623 410 Scholz'um.

318 508 393 569 In
426 505 851 587 hisomnibus
883 524 1179 585 suppono
1224 501 1490 562 fluidum
1537 523 1618 563 ex
1665 503 1947 565 materia·
1971 505 2185 586 quoad
2218 506 2602 578 densitatem
2650 510 2714 575 &
2782 494 2808 543 κ’

195 607 571 670 fluiditatem
603 604 898 667 uniformi
931 616 1239 665 constare.
1365 599 1530 663 Tale
1576 615 1674 664 est
1720 602 1783 663 in
1830 624 1960 684 quo
1988 602 2220 687 globus
2266 606 2436 670 idem
2482 610 2712 695 eodem
2773 604 2803 662 ‘j

193 730 337 769 cum
392 720 583 778 motu,
626 707 688 766 in
736 705 965 766 eodem
1013 701 1319 783 temporis
1367 699 1719 775 intervallo,
1753 716 1967 765 motus
2012 703 2252 768 similes
2299 707 2362 769 &
2407 709 2708 791 aequaleS,

191 808 275 869 ad
322 806 600 889 aequales
646 825 901 886 semper
948 825 987 864 a
1031 825 1101 864 se
1146 803 1499 876 distantiaS,
1534 803 1745 864 ubivis
1776 803 1855 864 'in
1889 805 2086 869 fluido
2131 809 2530 883 constitutuS,
2565 832 2708 893 pro·
2791 831 2795 838 '

190 930 428 991 pagare
458 907 675 988 possit.
774 905 1061 966 Conatur
1091 903 1352 985 quidem
1401 904 1667 966 materia
1697 926 1814 986 per
1844 919 2089 968 motum
2122 929 2308 970 suum
2342 908 2707 974 circularem

190 1009 486 1070 recedere
546 1007 627 1068 ab
687 1027 809 1067 axe
869 1004 1144 1077 vorticiS,
1211 1003 1272 1065 &
1334 1017 1675 1085 propterea
1734 1007 1967 1086 premit
2041 1008 2374 1070 materiam
2449 1032 2708 1074 omnem

189 1107 567 1169 ulteriorem.
687 1105 792 1166 Ex
824 1105 943 1167 hac
988 1105 1318 1186 pressione
1350 1104 1422 1166 fit
1452 1105 1704 1166 attritus
1737 1106 2011 1187 partium
2044 1107 2268 1170 fortior
2298 1108 2360 1170 &
2391 1112 2709 1191 separatio

187 1206 268 1267 ab
301 1206 572 1268 invicem
604 1204 919 1268 difficilior
945 1231 955 1279 ;
1006 1205 1068 1266 81:
1099 1227 1215 1286 per
1245 1226 1645 1287 consequens
1677 1206 2051 1269 diminuitur
2095 1208 2379 1271 materiae
2412 1210 2705 1274 fluiditas.

191 1305 437 1367 Rursus
483 1306 535 1367 si
583 1319 796 1387 partes
843 1306 1019 1367 fluidi
1066 1318 1215 1367 sunt
1262 1304 1490 1368 alicubi
1541 1307 1881 1370 crassiores
1929 1330 2043 1370 seu
2091 1310 2380 1392 majoreS,
2430 1294 2707 1374 fluiditas

187 1408 271 1469 ibi
320 1408 526 1469 minor
569 1407 702 1480 erit,
752 1406 836 1468 ob
882 1407 1213 1487 pauciores
1260 1407 1627 1489 superficies
1675 1409 1737 1469 in
1777 1410 2018 1490 ‚quibus
2065 1423 2280 1491 partes
2333 1427 2709 1493 separentur

184 1509 266 1570 ab
328 1509 617 1570 invicem.
748 1509 822 1568 In
899 1508 1263 1591 hujusmodi
1340 1509 1591 1570 casibus
1667 1510 2072 1573 deficientem
2149 1511 2526 1575 fluiditatem
2601 1515 2704 1578 vel
2733 1495 2772 1524 ⁶,

186 1608 541 1671 lubricitate
579 1609 853 1690 partium
902 1608 1005 1670 vel
1052 1608 1296 1671 lentore
1342 1609 1548 1672 aliave
1594 1609 1807 1692 aliqua
1853 1611 2218 1674 conditione
2264 1614 2508 1676 restitui
2555 1637 2702 1698 sup-

183 1732 371 1791 pono,
503 1709 652 1772 Hoc
699 1710 818 1771 nisi
866 1709 991 1783 fiat,
1027 1711 1293 1772 materia
1338 1711 1445 1771 ubi
1495 1711 1703 1772 minus
1751 1710 1948 1773 fluida
1993 1725 2091 1774 est
2123 1713 2328 1796 magis
2356 1713 2705 1781 ‚cohaerebit

183 1811 244 1873 &
276 1812 534 1894 segnior
563 1813 696 1884 erit,
733 1812 1007 1894 ideoque
1040 1824 1283 1872 motum
1330 1811 1572 1872 tardius
1619 1811 1881 1892 recipiet
1927 1812 1990 1874 ἃ
2034 1811 2287 1896 longius
2319 1817 2705 1899 propagabit

181 1933 373 1993 quam
406 1934 522 1993 pro
555 1913 798 1974 ratione
829 1913 1121 1994 superius
1154 1912 1493 1994 assignata.
1620 1912 1690 1973 Si
1739 1912 1944 1995 figura
1987 1914 2160 1975 vasis
2208 1936 2334 1977 non
2381 1915 2464 1977 sit
2493 1917 2700 1998 sphae-

180 2012 323 2084 rica,
358 2012 789 2073 movebuntur
819 2011 1145 2094 particulae
1179 2014 1241 2074 in
1275 2012 1457 2075 lineis
1504 2034 1632 2075 non
1680 2012 2087 2076 circularibus
2126 2015 2240 2077 sed
2274 2016 2703 2080 conformibus

178 2112 388 2173 eidem
463 2113 636 2173 vasis
712 2112 951 2195 figurae,
1031 2113 1093 2175 &
1182 2127 1476 2195 tempora
1557 2113 1882 2194 periodica
1956 2127 2143 2177 erunt
2231 2127 2302 2177 ut
2391 2118 2704 2199 quadrata

178 2213 591 2275 mediocrium
623 2213 1069 2276 distantiarum
1116 2238 1154 2276 a
1199 2228 1419 2277 centro
1453 2214 1956 2296 quamproxime.
2084 2217 2159 2278 In
2206 2217 2492 2298 partibus
2539 2218 2704 2282 inter

177 2327 462 2375 centrum
511 2314 572 2376 8c
618 2315 1206 2388 circumferentiam,
1257 2310 1637 2381 ubi.latiora
1683 2328 1833 2377 sunt
1886 2316 2108 2397 spatia,
2157 2317 2469 2379 tardiores
2515 2332 2702 2381 erunt

178 2431 403 2488 motuS,
452 2417 559 2477 ubi
606 2418 977 2500 angustiora
1023 2416 1390 2491 velocioreS,
1441 2439 1651 2499 neque
1700 2431 1915 2479 tamen
1963 2415 2290 2498 particulae
2349 2417 2700 2482 velociores

177 2530 397 2597 petent
445 2517 1033 2581 circumferentiam.
1150 2519 1362 2581 Arcus
1409 2520 1579 2581 enim
1631 2519 1996 2580 describent
2057 2519 2266 2580 minus
2326 2541 2573 2593 cui-VOS,
2638 2520 2700 2582 &

176 2632 440 2679 conatus
474 2619 811 2681 recedendi
845 2642 883 2680 a
929 2632 1150 2682 centro
1197 2642 1324 2682 non
1373 2620 1583 2681 minus
1629 2619 2019 2681 diminuetur
2062 2641 2179 2700 per
2222 2619 2698 2682 decrementum

177 2718 362 2801 hujus
395 2733 765 2793 curvaturae,
802 2742 995 2801 quam
1028 2721 1368 2804 augebitur
1412 2743 1528 2802 per
1573 2721 2034 2783 incrementum
2081 2717 2453 2781 velocitatiS.
2552 2720 2698 2782 Per·

174 2820 390 2902 gendo
440 2843 478 2881 a
529 2821 752 2901 spatiis
814 2822 1292 2904 angustioribus
1355 2822 1418 2883 in
1468 2820 1694 2884 latiora
1743 2821 2045 2884 recedent
2093 2818 2286 2902 paulo
2346 2819 2599 2903 longius
2659 2842 2699 2882 a

180 2934 414 2994 centro,
448 2921 562 2982 sed
597 2922 719 2983 isto
751 2944 1002 2984 recessu
1037 2922 1435 2997 tardescent;
1484 2922 1547 2984 &
1577 2922 1946 2984 accedendo
1977 2934 2206 3003 postea
2241 2922 2325 2984 de
2369 2921 2697 2985 latioribus

176 3019 260 3080 ad
322 3022 693 3102 angustiora
752 3022 1290 3100 accelerabuntur‚
1357 3023 1419 3086 δι
1479 3024 1568 3085 sic
1630 3046 1745 3105 per
1803 3024 1978 3085 vices
2039 3024 2406 3085 tardescent
2474 3023 2536 3085 &
2595 3045 2695 3085 ac-

175 3119 618 3183 celerabuntur
663 3123 987 3203 particulae
1034 3124 1305 3208 singulae
1340 3124 1403 3186 in
1437 3139 1835 3206 perpetuum.
1938 3125 2104 3186 Haec
2138 3125 2227 3186 ita
2256 3146 2327 3186 se
2366 3123 2695 3186 habebunt

174 3221 237 3282 in
270 3243 423 3283 vase
456 3222 676 3304 rigido,
799 3223 972 3284 Nam
1005 3225 1067 3285 in
1100 3225 1296 3287 fluido
1329 3225 1578 3288 infinito
1609 3225 1980 3288 constitutio
2011 3226 2323 3288 vorticum
2357 3225 2696 3288 innotescit

171 3344 287 3403 per
317 3322 766 3403 propositionis
799 3323 985 3406 hujus
1017 3324 1414 3387 corollarium
1446 3339 1715 3389 sextum.

294 3423 723 3504 Proprietates
755 3437 969 3486 autem
1002 3425 1315 3487 vorticum
1348 3426 1467 3487 hac
1514 3426 1952 3507 propositione
1998 3426 2389 3509 investigare
2425 3437 2691 3487 conatus

170 3546 328 3598 sum,
363 3537 435 3585 ut
465 3537 895 3605 pertentarem
927 3525 1111 3606 siqua
1158 3527 1401 3590 ratione
1448 3528 1876 3609 phaenomena
1921 3526 2209 3590 coelestia
2253 3548 2371 3608 per
2412 3526 2689 3589 vortices

170 3623 468 3707 explicari
523 3625 785 3706 possint.
856 3688 858 3691 ,
908 3625 1082 3686 Nam
1137 3627 1608 3707 phaenomenon
1665 3642 1778 3701 est,
1835 3628 2011 3710 quod
2065 3626 2464 3709 planetarum
2525 3625 2689 3688 circa

160 3727 383 3809 jovem
422 3725 889 3788 revolventium
936 3740 1228 3807 tempora
1273 3728 1596 3807 periodica
1641 3742 1791 3790 sunt
1837 3729 1899 3790 in
1946 3728 2191 3790 ratione
2237 3724 2688 3808 sesquiplicata

167 3827 611 3889 distantiarum
672 3850 711 3888 a
770 3839 989 3889 centro
1034 3827 1246 3910 jovis;
1314 3827 1376 3889 &
1429 3829 1658 3890 eadem
1714 3828 1934 3912 regula
1993 3828 2241 3892 obtinet
2289 3828 2351 3890 in
2411 3825 2685 3909 planetis

168 3929 276 4009 qui
309 3929 472 3990 circa
502 3926 703 3990 solem
747 3926 1175 3990 revolvuntur.
1304 3927 1617 3990 Obtinent
1663 3943 1877 3992 autem
1925 3929 2026 3992 hae
2073 3927 2309 4012 regulae
2357 3929 2419 3989 in
2467 3925 2681 4009 plane-
