2846 4224
998 128 1003 132 .
1073 91 1310 139 LIBER
1335 89 1648 140 PRIMUS.
1750 90 1755 94 ’
2490 114 2569 174 95

58 262 62 268 ’
145 259 268 320 riae.
362 258 600 316 Rursus
644 253 860 334 figurae
903 250 1336 332 quadrilaterae
1378 251 1444 310 B
1466 250 1701 323 GDF,
1734 250 1850 312 sub
1893 251 2027 312 aliis
2071 255 2390 332 quibusvis
2426 273 2573 336 quass

4 396 6 400 ,
58 415 62 419 .
144 370 286 418 tuor
339 352 738 434 tangentibus
796 362 1121 421 contentae,
1181 345 1543 428 diagonales
1610 348 1704 428 (ut
1761 348 1847 407 ita
1916 348 2141 430 dicam)
2207 351 2272 409 B
2288 352 2373 423 D,
2444 354 2502 413 G
2518 356 2588 413 F

143 455 352 516 biseca
400 452 463 512 in
507 451 572 510 P
615 449 676 509 8c
725 449 822 523 Q.-
867 448 928 508 &
971 459 1139 508 recta
1179 445 1320 520 PQ
1364 466 1479 524 per
1519 457 1749 524 puncta
1786 446 2192 508 bisectionum
2236 461 2373 508 acta
2414 462 2577 510 tran-

10 559 53 625 μς,
143 553 292 614 sibit
337 570 451 630 per
495 560 773 609 centrum
819 544 1200 626 trajectoriae.
1298 542 1567 602 Dabitur
1616 563 1767 623 ergo
1824 557 2103 604 centrum
2162 546 2223 604 in
2282 567 2578 607 concursu

27 638 38 707 ,ᾗ
143 647 563 713 bisecantium.
654 644 754 705 Sit
782 642 931 704 illud
966 643 1037 703 Ο.
1130 640 1448 722 Tangenti
1479 640 1673 700 cuivis
1702 641 1767 699 B
1789 642 1846 702 C
1867 641 2222 722 parallelam
2252 665 2369 724 age
2406 645 2486 704 K
2500 645 2580 717 L,

27 780 39 838 3
146 748 226 810 ad
276 767 415 808 eam
465 743 822 805 distantiam
872 754 942 801 ut
984 751 1263 801 centrum
1312 739 1369 800 O
1413 739 1474 798 in
1520 738 1728 799 medio
1767 740 1926 801 inter
1968 739 2288 820 parallelas
2332 740 2579 814 locetur,

150 2309 212 2371 &
240 2321 378 2369 acta
404 2308 486 2367 K
494 2307 555 2367 L
588 2316 804 2386 tanget
832 2299 1245 2383 trajectoriam
1275 2298 1763 2359 describendam.
1855 2298 2042 2360 Secet
2084 2300 2218 2362 haec
2258 2314 2585 2385 tangentes

148 2405 299 2493 alias
329 2404 582 2486 quasvis
613 2402 767 2463 duas
804 2401 864 2461 G
886 2401 942 2461 C
964 2400 1048 2470 D,
1080 2398 1150 2457 F
1156 2397 1315 2457 DE
1341 2396 1403 2456 in
1433 2397 1493 2456 L
1529 2396 1590 2457 &
1617 2397 1705 2457 K.
1802 2396 1921 2457 Per
1949 2394 2167 2459 harum
2198 2403 2585 2482 tangentium

150 2525 274 2566 non
304 2500 734 2584 parallelarum
770 2499 908 2570 CL,
939 2497 1087 2558 FK
1109 2516 1249 2556 cum
1278 2492 1586 2574 parallelis
1621 2495 1753 2566 CF,
1778 2495 1858 2554 K
1859 2495 1918 2554 L
1960 2517 2290 2558 concursus
2328 2501 2385 2560 C
2407 2500 2467 2560 &
2495 2502 2583 2573 K,

148 2601 298 2664 F&
324 2601 386 2661 L
418 2622 537 2682 age
571 2599 727 2670 CK,
757 2599 828 2658 F
836 2598 895 2657 L
942 2607 1376 2657 concurrentes
1423 2594 1484 2654 in
1528 2595 1609 2666 R,
1645 2593 1705 2654 &
1745 2605 1910 2653 recta
1959 2594 2098 2655 OR
2141 2595 2327 2656 ducta
2357 2597 2417 2657 &
2446 2620 2584 2678 pro-

149 2700 335 2762 ducta
383 2698 618 2760 secabit
667 2709 997 2779 tangentes
1041 2691 1364 2774 parallelas
1416 2694 1560 2766 CF,
1600 2694 1681 2753 K
1690 2694 1750 2753 L
1792 2680 1871 2751 in.
1891 2692 2134 2770 punctis
2173 2707 2581 2758 contactuum.

153 2797 333 2860 Patet
379 2797 498 2859 hoc
547 2817 660 2877 per
707 2793 890 2857 corol.
944 2791 1183 2854 2.·lem.
1234 2811 1403 2853 XXIV.
1498 2791 1742 2851 Eadem
1788 2790 2084 2851 methodo
2128 2791 2425 2854 invenire*
2449 2792 2589 2856 licet
2661 2829 2670 2842 x

149 2894 268 2958 alia
323 2908 716 2958 contactuum
775 2904 1018 2974 puncta,
1080 2889 1142 2951 &
1199 2902 1332 2950 tum
1383 2889 1637 2950 demum
1688 2910 1801 2969 per
1850 2901 2175 2951 construet.
2230 2893 2402 2971 prob.
2459 2913 2581 2955 XIV.

149 2993 557 3091 trajectoriam
586 2991 951 3053 describere.
1044 2988 1119 3063 Q.
1142 2989 1224 3049 E.
1251 2989 1324 3050 F.

1207 3137 1533 3199 Scholz'um.

165 3292 174 3300 ’
209 3269 214 3274 ’
266 3266 671 3341 Problemata,
699 3267 829 3328 .ubi
880 3266 1108 3327 dantur
1150 3265 1638 3347 trajectoriarum
1682 3262 1785 3326 vel
1830 3277 2042 3326 centra
2084 3266 2186 3329 vel
2231 3271 2584 3349 asymptoti,

153 3364 545 3429 includuntur
594 3367 656 3428 in
707 3365 1218 3447 praecedentibuS.
1333 3364 1503 3424 Nam
1554 3364 1716 3424 datis
1768 3365 2013 3443 punctis
2073 3365 2134 3425 8c
2191 3369 2586 3448 tangentibus

152 3485 276 3526 una
323 3487 462 3526 cum
513 3477 740 3536 centro,
793 3464 1021 3524 dantur
1069 3460 1189 3523 alia
1239 3462 1502 3523 totidem
1559 3474 1790 3541 puncta
1845 3460 2109 3542 aliaeque
2166 3476 2493 3546 tangentes
2549 3488 2587 3526 a

152 3574 363 3624 centro
402 3566 486 3624 'ex
523 3560 716 3624 altera
757 3562 891 3644 ejus
936 3573 1112 3642 parte
1156 3558 1483 3640 aequaliter
1519 3559 1837 3620 distantes,
1930 3560 2344 3640 Asymptotos
2378 3555 2585 3624 autem

151 3679 266 3740 pro
314 3672 608 3741 tangente
658 3659 947 3722 habenda
995 3672 1106 3731 est,
1150 3658 1211 3719 &
1261 3658 1396 3739 ejus
1447 3657 1745 3717 terminus
1797 3657 2034 3720 infinite
2083 3659 2320 3720 distans
2375 3660 2449 3741 (si
2501 3662 2586 3721 ita

152 3754 322 3838 loqui
350 3757 445 3819 fas
466 3757 716 3840 sit).pro
744 3751 975 3839 puncto
1012 3769 1347 3820 contactus
1441 3756 1725 3835 Concipe„
1747 3756 2061 3837 tangentis
2096 3758 2365 3838 cujusvis
2394 3779 2583 3838 punc-
