2846 4250
177 147 303 223 468
981 140 1097 190 DE
1131 138 1211 189 M
1211 136 1420 190 UNDI
1446 137 1493 188 S
1504 136 1807 190 YSTEMA
1816 139 1916 190 TE

175 335 318 375 cum
350 325 562 375 tamen
593 310 837 374 vicibus
869 306 1126 371 alternis
1157 305 1239 367 ad
1270 302 1482 367 littora
1526 301 1631 366 illa
1675 304 1739 367 in
1785 305 2066 368 maribus
2111 305 2344 370 nostris
2387 305 2678 390 angustis

174 413 562 475 descendere
592 411 838 473 debeat.
954 407 1056 468 Ea
1099 405 1182 468 de
1227 426 1419 467 causa
1462 403 1672 467 fluxus
1718 404 1781 468 &
1826 406 2105 469 refluxus
2151 407 2214 469 in
2262 405 2497 481 insuliS,
2531 428 2679 489 quae

173 537 211 576 a
242 514 553 580 littoribus
599 510 967 594 longissime
1012 509 1257 579 absunt,
1291 506 1679 589 perexiguus
1724 520 1895 569 esset
1938 507 2118 571 solet.
2246 509 2322 570 In
2369 508 2678 591 portubus

172 617 567 698 quibusdam,
622 614 727 675 ubi
773 633 940 693 aqua
984 630 1127 670 cum
1173 608 1414 689 impetu
1461 630 1696 691 magno
1742 631 1857 690 per
1899 608 2039 671 loca
2083 610 2328 673 vadosa
2371 610 2454 672 ad
2500 604 2699 671 sinus'

169 716 425 778 alternis
457 715 697 776 vicibus
730 708 1086 792 implendos
1119 707 1181 769 &
1227 707 1635 770 evacuandos
1687 708 1950 773 influere
1998 709 2060 772 8c
2106 710 2365 773 effluere
2409 709 2675 793 cogitur,

171 816 377 877 fluxus
432 814 493 876 δε
541 813 816 874 refluxus
869 809 1108 871 debent
1160 830 1303 870 esse
1363 807 1551 871 solito
1611 810 1901 893 majoreS,
1957 811 2048 872 uti
2109 811 2194 873 ad
2251 810 2679 893 Plymutlzum

173 915 234 977 &
278 928 537 996 pontem
589 912 959 992 Chepstowae
1000 909 1064 970 in
1109 909 1180 970 A
1189 909 1367 991 nglz’a
1389 936 1415 983 ‚·
1459 910 1542 972 ad
1589 925 1839 973 montes
1887 912 1954 974 S.
1991 912 2310 974 Mz'c‘haelz‘s
2355 910 2417 973 8ε
2451 910 2677 973 urbem

169 1016 240 1077 A
249 1015 722 1076 brz'ncatuorum
758 1008 979 1093 (vulgo
1008 1010 1078 1070 A
1086 1009 1407 1093 vranches)
1445 1010 1508 1072 in
1554 1012 1978 1074 Normannz‘a
1998 1040 2023 1087 ,·
2068 1013 2151 1075 ad
2199 1012 2568 1075 Cambaz'am
2616 1009 2679 1072 81

166 1117 342 1198 Pegu
374 1115 435 1176 in
466 1113 665 1175 India
710 1110 1016 1175 orientali.
1146 1110 1273 1172 His
1320 1111 1384 1173 in
1428 1109 1583 1174 locis
1629 1135 1818 1187 mare,
1867 1136 2103 1197 magna
2147 1136 2291 1177 cum
2336 1112 2678 1176 velocitate

167 1216 529 1279 accedendo
591 1215 652 1276 &
711 1213 1088 1290 recedendo,
1144 1211 1357 1275 littora
1417 1234 1585 1275 nunc
1631 1214 1900 1277 inundat
1945 1237 2113 1278 nunc
2157 1215 2336 1277 arida
2380 1213 2679 1296 relinquit

167 1318 249 1379 ad
281 1315 479 1378 multa
509 1314 787 1377 millaria.
885 1314 1119 1395 Neque
1152 1314 1426 1394 impetus
1472 1313 1777 1377 influendi
1810 1315 1872 1377 Bc
1903 1316 2229 1378 remeandi
2260 1314 2437 1398 prius
2468 1314 2675 1397 frangi

166 1432 393 1501 potest,
428 1439 619 1499 quam
660 1438 827 1498 aqua
872 1414 1178 1477 attollitur
1221 1412 1324 1476 vel
1372 1414 1749 1496 deprimitur
1791 1417 1874 1479 ad
1919 1418 2120 1500 pedes
2171 1439 2269 1498 30,
2303 1438 2406 1497 40,
2441 1415 2546 1480 vel
2597 1436 2679 1500 50
2730 1436 2760 1458 ⁶

169 1522 231 1582 ἃ
275 1518 560 1601 amplius,
697 1517 786 1579 Et
831 1540 947 1599 par
991 1530 1090 1579 est
1134 1516 1294 1578 ratio
1338 1515 1644 1578 fretorum
1690 1517 2114 1603 oblongorum
2162 1519 2223 1582 &
2267 1520 2675 1596 vadosorum,

165 1621 255 1682 uti
287 1619 707 1702 Magallam'cz'
734 1618 795 1679 &
826 1619 961 1701 ejus
993 1639 1121 1699 quo
1151 1618 1221 1678 A
1231 1617 1410 1700 nglz'a
1440 1618 1858 1683 circundatur.
1953 1607 2188 1683 AEstus
2212 1621 2275 1683 in
2308 1621 2674 1705 hujusmodi

165 1722 473 1803 portubus
535 1721 596 1782 &
647 1720 822 1781 fretis
876 1741 991 1801 per
1043 1719 1351 1800 impetum
1405 1741 1624 1782 cursus
1687 1719 1749 1782 &
1808 1743 2099 1784 recursus
2159 1745 2352 1805 supra
2411 1724 2675 1787 modum

165 1836 447 1906 augetur.
543 1821 654 1882 Ad
686 1819 896 1883 littora
927 1842 1081 1882 vero
1113 1842 1257 1902 quae
1289 1820 1601 1884 descensu
1627 1823 1936 1905 praecipiti
1968 1824 2051 1886 ad
2083 1847 2258 1886 mare
2289 1824 2675 1907 profundum

168 1923 230 1985 ἃ
280 1937 569 2004 apertum
618 1935 923 2003 spectant,
979 1921 1087 1983 ubi
1148 1943 1316 2003 aqua
1374 1922 1514 1984 sine
1567 1923 1808 2005 impetu
1862 1924 2164 1987 effluendi
2226 1925 2289 1987 &
2348 1927 2674 1989 remeandi

165 2024 365 2088 attolli
399 2025 460 2087 ἃ
490 2024 820 2086 subsidere
850 2036 1079 2106 potest,
1113 2024 1491 2108 magnitudo
1522 2039 1717 2088 aestus
1764 2026 2113 2108 respondet
2142 2027 2383 2090 viribus
2413 2026 2565 2091 solis
2612 2028 2675 2092 8t

164 2124 349 2193 lunae.

287 2228 484 2288 Corol.
540 2247 593 2289 2.
647 2226 811 2289 Cum
842 2226 940 2287 vis
972 2224 1141 2288 lunae
1173 2226 1255 2288 ad
1289 2249 1464 2289 mare
1510 2228 1902 2290 movendum
1949 2228 2032 2290 sit
2062 2228 2145 2290 ad
2177 2228 2308 2291 vim
2339 2229 2675 2313 gravitatis

163 2341 233 2389 ut
272 2349 293 2389 1
334 2328 415 2389 ad
452 2331 762 2407 2871400‚
797 2328 1201 2409 perspicuum
1247 2341 1347 2390 est
1391 2329 1566 2411 quod
1613 2329 1711 2391 vis
1758 2328 1863 2391 illa
1893 2330 1975 2391 sit
2005 2328 2198 2413 longe
2229 2330 2435 2392 minor
2478 2353 2672 2413 quam

163 2451 307 2510 quae
338 2426 439 2490 vel
474 2429 535 2489 in
567 2429 1018 2510 experimentis
1051 2428 1474 2511 pendulorum
1521 2429 1623 2491 vel
1672 2431 1735 2492 in
1781 2431 2022 2493 staticis
2067 2444 2179 2493 aut
2223 2430 2672 2513 hydrostaticis

164 2530 644 2611 quibuscunque
674 2530 892 2592 sentiri
923 2531 1141 2612 possit.
1259 2531 1334 2592 In
1367 2545 1528 2593 aestu
1561 2530 1699 2594 solo
1730 2532 1975 2595 marino
2006 2531 2145 2594 haec
2175 2531 2274 2593 vis
2304 2531 2671 2596 sensibilem

160 2630 293 2693 edit
322 2631 631 2693 effectum.

282 2732 482 2793 Corol.
537 2752 590 2811 3.
643 2731 966 2811 Quoniam
997 2733 1096 2794 vis
1126 2732 1297 2795 lunae
1327 2734 1411 2795 ad
1458 2757 1633 2797 mare
1678 2734 2071 2798 movendum
2113 2748 2211 2797 est
2240 2733 2323 2796 ad
2355 2732 2506 2796 solis
2537 2734 2670 2797 vim

164 2830 553 2893 consimilem
599 2846 669 2894 ut
714 2837 941 2913 4,4815
995 2834 1078 2895 ad
1138 2855 1185 2908 1,
1238 2834 1300 2896 81
1348 2836 1517 2898 vires
1569 2835 1690 2898 illae
1744 2835 1884 2920 (per
1931 2834 2116 2899 corol.
2161 2856 2236 2914 14
2284 2857 2462 2917 prop.
2516 2856 2670 2898 LXVI

162 2930 263 2994 lib.
307 2930 362 3015 1)
398 2947 544 2994 sunt
574 2946 645 2994 ut
675 2934 1023 2996 densitates
1069 2958 1405 3017 corporum
1436 2935 1605 2999 lunae
1653 2937 1716 2999 &
1760 2936 1911 2999 solis
1945 2936 2007 2998 &
2038 2936 2181 2998 cubi
2213 2936 2669 2999 diametrorum

164 3033 604 3112 apparentium
675 3036 1097 3117 conjunctim;
1173 3036 1456 3099 densitas
1522 3037 1691 3099 lunae
1751 3038 1870 3099 erit
1929 3037 2011 3098 ad
2073 3036 2455 3098 densitatem
2516 3036 2668 3099 solis
2747 3087 2750 3089 Α

163 3143 234 3191 ut
264 3134 491 3210 4,4815
534 3133 615 3194 ad
674 3155 695 3194 1
753 3135 991 3197 directe
1041 3135 1102 3197 &
1151 3138 1349 3198 cubus
1398 3138 1692 3200 diametri
1742 3137 1910 3200 lunae
1958 3138 2041 3199 ad
2092 3137 2324 3199 cubum
2373 3138 2666 3200 diametri

162 3228 311 3291 solis
366 3231 654 3295 inverse:
702 3233 765 3294 id
819 3247 917 3295 est
972 3235 1139 3318 (cum
1192 3237 1484 3299 diametri
1538 3239 1891 3301 mediocres
1944 3251 2328 3320 apparentes
2380 3235 2548 3301 lunae
2603 3239 2666 3301 &

162 3328 312 3391 solis
361 3331 488 3391 sint
540 3331 640 3410 31'
696 3332 846 3399 16⁰}
895 3334 956 3395 δε
1007 3335 1110 3413 32'
1167 3336 1307 3419 12'')
1361 3351 1431 3399 ut
1479 3342 1640 3417 4891
1698 3339 1781 3400 ad
1823 3359 2002 3402 1000.
2098 3338 2405 3400 Densitas
2450 3352 2664 3402 autem

159 3429 308 3491 solis
341 3445 475 3493 erat
507 3433 589 3493 ad
621 3434 1001 3496 densitatem
1033 3448 1218 3498 terrae
1249 3451 1319 3499 ut
1359 3459 1520 3501 1000
1552 3440 1632 3500 ad
1666 3460 1872 3518 4000;
1918 3440 1980 3502 &
2010 3453 2350 3522 propterea
2380 3439 2665 3503 densitas

157 3529 323 3593 lunae
371 3546 470 3594 est
518 3534 600 3595 ad
650 3534 1032 3597 densitatem
1082 3551 1267 3600 terrae
1317 3552 1388 3600 ut
1435 3543 1595 3618 4891
1654 3541 1736 3602 ad
1786 3562 1958 3619 4000
2006 3563 2119 3603 seu
2162 3562 2226 3602 11
2267 3541 2351 3602 ad
2385 3561 2440 3618 9.
2541 3542 2664 3605 Est

159 3631 350 3715 igitur
379 3656 606 3716 corpus
638 3634 805 3697 lunae
835 3636 1096 3698 densius
1131 3638 1193 3699 ἃ
1224 3640 1428 3723 magis
1459 3654 1756 3704 terrestre
1788 3665 1979 3724 quam
2013 3655 2181 3705 terra
2213 3653 2443 3706 nostra.
