2852 4250
203 121 282 180 42
294 122 326 162 2
988 115 1106 164 DE
1137 117 1215 169 M
1217 117 1427 171 UNDI
1450 119 1496 171 S
1507 121 1811 174 YSTEMA
1821 125 1919 176 TE

441 284 1085 373 PRopos1T1o
1164 313 1389 378 XXI.
1517 316 2133 388 THEOREMA
2216 328 2477 398 XVII.

198 456 454 519 Puncta
495 460 958 542 aequiuoctialiu
1004 468 1261 548 regredi,
1314 470 1397 535 (ἴτ’
1430 479 1626 535 'axem
1673 482 1862 538 terrae
1910 478 2186 562 siugulis·
2233 487 2722 556 revolutionibus

284 574 520 636 annuis
548 578 832 640 nutando
861 579 953 641 bis
981 580 1295 644 inclinari
1319 584 1388 645 in
1417 587 1761 668 eclipticam
1784 592 1867 658 ὥ*
1896 593 1988 656 bis
2017 596 2223 660 redire
2247 600 2340 662 ad
2344 604 2721 683 positionem
2794 651 2796 654 -

271 687 573 768 priorem.

315 842 499 904 Patet
544 865 662 924 per
707 845 894 909 corol.
936 869 1018 911 20
1065 871 1243 933 prop.
1282 873 1435 915 LXVI
1483 854 1586 920 lib.
1635 879 1679 923 1.
1765 861 1988 928 Motus
2038 880 2251 932 tamen
2285 870 2406 935 iste
2438 877 2711 939 nutandi

195 958 580 1041 perexiguus
611 974 782 1023 esset
812 962 1020 1038 debet,
1058 965 1119 1027 &
1151 967 1261 1029 vix
1292 984 1403 1033 aut
1435 993 1516 1035 ne
1547 975 1658 1037 vix
1690 979 1951 1060 quidem
1984 984 2316 1052 sensibilis,

394 1166 1039 1233 PROPOSITIO
1114 1173 1386 1239 XXII.
1526 1178 2138 1250 THEOREMA
2207 1189 2517 1256 XVIII.

240 1320 468 1384 Motus
513 1345 718 1386 omues
768 1325 1039 1401 lunareS,
1096 1351 1417 1414 omnesque
1466 1343 1753 1399 motuum
1806 1340 2274 1424 inaequalitales
2319 1369 2396 1409 ex
2441 1349 2664 1412 allatis·

1100 1447 1453 1530 principiis
1495 1456 1790 1536 consequi.

310 1591 607 1657 Planetas
661 1597 951 1681 majoreS,
1002 1599 1244 1663 interea
1289 1603 1443 1666 dum
1491 1608 1655 1670 circa
1709 1609 1910 1674 solem
1964 1614 2271 1695 feruntur,
2320 1640 2513 1700 posse
2558 1619 2716 1684 alios

188 1694 465 1756 minores
512 1696 746 1758 circum
795 1720 865 1760 se
915 1700 1323 1766 revolventes
1376 1705 1667 1787 planetas
1717 1712 1983 1788 deferre,
2019 1716 2081 1778 ἃ
2135 1717 2413 1781 minores
2463 1717 2602 1782 illos
2649 1721 2713 1782 in
2819 1720 2822 1721 ⁷

187 1794 528 1877 ellipsibuS,
582 1797 913 1861 umbilicos
970 1802 1032 1862 in
1086 1805 1319 1867 centris
1370 1809 1681 1890 majorum
1732 1812 2131 1890 habentibus,
2184 1818 2428 1882 revolvi
2477 1821 2723 1885 debere·

185 1909 364 1976 patet
423 1920 538 1979 per
594 1920 773 1981 prop.
834 1921 964 1962 LXV
1015 1901 1115 1967 lib.
1184 1926 1230 1967 1.
1349 1907 1629 1973 Actione
1690 1928 1905 1978 autem
1966 1917 2118 1981 solis
2172 1922 2716 2001 perturbabuntur

185 2018 404 2059 eorum
459 2012 670 2061 motus
725 2000 1121 2080 multimode,
1178 2006 1383 2089 iisque
1436 2011 1814 2077 adficientur
1867 2017 2404 2101 inaequalitatibus
2451 2045 2596 2105 quae
2648 2024 2710 2085 in

182 2096 332 2159 luna
386 2112 601 2162 nostra
655 2115 968 2167 notantur.
1091 2104 1256 2169 Haec
1302 2110 1523 2193 utique
1581 2113 1722 2197 (per
1769 2116 1957 2180 corol.
2013 2141 2068 2194 2,
2124 2141 2177 2200 3,
2226 2142 2283 2199 4,
2334 2122 2396 2184 &
2446 2142 2477 2203 5
2527 2145 2705 2207 prop.

184 2200 360 2283 LXVI)
412 2201 694 2265 velocius
749 2220 1059 2280 movetur,
1108 2231 1182 2271 ac
1237 2213 1417 2276 radio
1471 2216 1554 2277 ad
1610 2230 1844 2282 terram
1899 2222 2092 2286 ducto
2142 2225 2444 2290 describit
2494 2251 2709 2292 aream

181 2323 298 2382 pro
351 2316 640 2385 tempore
694 2308 1019 2390 majorem,
1077 2311 1429 2396 orbemque
1479 2316 1674 2382 habet
1727 2321 1937 2385 minus
1986 2347 2251 2388 curvum
2313 2342 2507 2411 atque
2561 2331 2709 2395 ideo

180 2405 441 2485 propius
473 2406 719 2469 accedit
763 2410 845 2470 ad
893 2423 1127 2473 terram
1176 2413 1238 2475 in
1271 2419 1551 2501 syzygiis
1584 2442 1777 2502 quam
1821 2423 1883 2485 in
1933 2427 2353 2507 quadraturiS,
2388 2431 2506 2493 nisi
2554 2455 2708 2515 qua-

179 2519 365 2568 tenus
412 2508 680 2589 impedit
718 2525 928 2574 motus
975 2517 1476 2582 eccentricitatis.
1578 2522 2035 2590 Eccentricitas
2067 2531 2236 2592 enim
2286 2534 2565 2597 maxima
2611 2551 2710 2600 est
2805 2582 2808 2610 2

183 2605 323 2689 (per
366 2608 550 2672 corol.
589 2631 627 2688 9
674 2633 851 2694 prop.
892 2614 1069 2699 LXVI)
1106 2618 1213 2679 ubi
1261 2641 1606 2704 apogaeum
1656 2624 1823 2690 lunae
1879 2628 1941 2690 in
1974 2632 2253 2714 syzygiis
2301 2649 2607 2710 versatur,
2643 2637 2706 2700 &
2805 2639 2846 2705 ’τ’

179 2707 439 2769 minima
484 2711 590 2772 ubi
642 2712 811 2775 idem
862 2716 922 2776 in
971 2719 1375 2800 quadraturis
1424 2726 1752 2802 consistit3
1806 2728 1867 2790 &
1915 2729 2065 2793 inde
2111 2731 2262 2795 luna
2306 2734 2369 2795 in
2423 2737 2734 2821 perigaeo

178 2805 458 2871 velocior
502 2824 601 2873 est
633 2811 695 2874 &
727 2815 912 2877 nobis
961 2820 1238 2902 propior,
1291 2823 1354 2884 in
1406 2847 1680 2910 apogaeo
1732 2844 1948 2892 autem
2004 2833 2244 2896 tardior
2292 2834 2354 2896 ἃ
2403 2838 2706 2900 remotior

180 2913 242 2973 in
298 2915 573 2996 syzygiis
629 2938 821 2998 quam
886 2920 947 2981 in
1011 2925 1428 3004 quadraturis,
1553 2930 1967 3015 Progreditur
2026 2935 2286 3018 insuper
2342 2959 2701 3022 apogaeum,

180 3013 242 3074 &
296 3016 741 3097 regrediuntur
789 3021 956 3094 nodi,
1005 3024 1119 3084 sed
1173 3040 1348 3088 motu
1409 3029 1791 3113 inaequabili.
1891 3034 1982 3096 Et
2046 3057 2387 3120 apogaeum
2441 3039 2702 3120 quidem
2850 3104 2852 3127 Ι

182 3111 325 3195 (per
371 3113 556 3176 corol.
603 3134 634 3194 7
692 3117 752 3178 &
802 3122 837 3180 8
887 3143 1063 3204 prop.
1100 3125 1279 3211 LXVI)
1317 3128 1600 3193 velocius
1645 3135 2055 3217 progreditur
2107 3138 2168 3199 in
2219 3140 2498 3223 syzygiis
2550 3141 2697 3215 suiS,
2795 3167 2798 3170 ⁴
2846 3164 2852 3218 ;

178 3213 418 3275 tardius
474 3218 829 3299 regreditur
882 3223 943 3283 in
1001 3227 1421 3306 quadraturiS,
1480 3231 1542 3294 8c
1603 3256 1869 3297 excessu
1924 3259 2301 3321 progressus
2354 3263 2548 3323 supra
2600 3264 2694 3305 re-
2849 3232 2852 3247 ⁴

173 3334 466 3395 gressum
498 3320 824 3380 annuatim
857 3321 1056 3394 fertur
1086 3327 1148 3388 in
1182 3335 1657 3414 consequentia.
1782 3336 1844 3398 N
1852 3337 1960 3399 odi
2006 3352 2222 3401 autem
2261 3342 2401 3422 (per
2429 3340 2617 3405 corol.
2658 3364 2690 3404 2

175 3436 352 3496 prop.
419 3416 596 3500 LXVI)
655 3421 991 3501 quiescunt
1045 3427 1106 3489 in
1163 3433 1442 3515 syzygiis
1496 3435 1628 3496 suis
1684 3435 1746 3498 8c
1792 3436 2195 3502 velocissime
2249 3443 2696 3525 regrediuntur

176 3515 238 3576 in
286 3516 703 3598 quadraturis,
799 3522 933 3585 Sed
989 3526 1050 3587 ἃ
1103 3531 1306 3613 major
1353 3547 1452 3595 est
1503 3533 1671 3598 lunae
1721 3535 1991 3601 latitudo
2043 3541 2323 3604 maxima
2375 3543 2439 3604 in
2493 3544 2692 3626 ipsius

174 3619 578 3700 quadraturis
638 3623 777 3706 (per
828 3626 1015 3690 corol.
1063 3632 1138 3693 1‘o
1184 3654 1361 3715 prop.
1400 3638 1576 3719 LXVI)
1629 3660 1822 3720 quam
1879 3641 1942 3702 in
1995 3645 2315 3727 syzygiis:
2364 3646 2426 3708 &
2478 3661 2690 3710 motus

173 3719 423 3782 medius
455 3723 695 3786 tardior
739 3725 801 3786 in
852 3728 1159 3808 perihelio
1212 3746 1397 3796 terrae
1452 3737 1594 3819 (per
1623 3739 1811 3803 corol.
1850 3746 1888 3803 6
1942 3754 2120 3825 prop.
2160 3745 2339 3828 LXVI)
2386 3769 2580 3830 quam
2626 3749 2689 3811 in

174 3821 371 3901 ipsius
402 3822 671 3903 aphelio.
770 3826 992 3910 Atque
1039 3830 1139 3894 hae
1172 3848 1320 3896 sunt
1353 3835 1818 3920 inaequalitates
1851 3842 2228 3927 insigniores
2274 3847 2356 3909 ab
2401 3861 2687 3913 astrono-

173 3943 292 3983 mls
326 3937 576 3987 notatae.
