2852 4250
1083 90 1799 178 LIBERSECUNDUS'
1915 113 1920 117 ·
2394 68 2401 78 ’
2475 60 2644 196 ’267

126 261 155 294 ’·
202 288 227 313 -·
279 259 282 261 ’
320 267 575 330 Etenim
625 266 708 329 ob
758 265 975 328 datum
1021 267 1206 347 spatii
1257 267 1706 328 incrementum
1747 268 1820 328 Ε
1832 269 2011 342 Dde,
2055 269 2282 334 lineola
2317 277 2459 348 Dd,
2503 301 2643 359 quae

159 366 668 443 ‘decrementum
711 378 808 425 est
851 364 1043 443 ipsius
1093 365 1154 424 G
1173 365 1259 436 D,
1304 364 1422 424 erit
1451 364 1762 442 reciproce
1805 379 1875 425 ut
1915 368 1987 427 E
1998 369 2083 439 D,
2116 370 2384 449 ideoque
2413 375 2645 438 directe

202 478 274 525 ut
322 465 379 524 C
389 465 474 534 D,
524 463 642 523 hoc
688 473 798 532 est,
845 474 915 521 ut
959 482 1205 520 summa
1250 460 1532 541 ejusdem
1583 459 1643 520 G
1658 462 1730 520 D
1769 461 1829 521 &
1873 461 2274 544 longitudinis
2305 468 2468 529 datae
2505 474 2560 531 C
2567 474 2641 533 G.

190 561 336 623 -Sed
392 558 737 621 velocitatis
795 558 1279 627 decrementum,
1326 569 1607 634 tempore
1665 557 1781 616 sibi
1826 559 2137 638 reciproce
2187 566 2643 641 proportionali,

199 681 326 740 quo
383 659 531 718 data
585 655 768 736 spatii
826 652 1125 734 particula
1155 653 1418 713 DdeE
1479 654 1859 726 describitur,
1921 669 2017 716 est
2068 670 2137 717 ut
2186 659 2535 721 resistentia
2587 664 2647 723 &

202 771 448 836 tempus
495 752 886 834 conjunctim,
935 751 998 810 id
1042 762 1153 821 est,
1201 750 1436 809 directe
1487 763 1556 809 ut
1607 772 1851 811 summa
1901 752 2162 813 duarum
2215 758 2643 835 quantitatum,

68 847 126 923 ἕ,
201 875 462 936 quarum
520 873 645 911 una
702 863 799 910 est
854 862 924 908 ut
980 846 1294 918 velocitaS,
1355 846 1550 907 altera
1606 862 1675 908 ut
1732 848 2076 910 velocitatis
2136 853 2523 930 quadratum,
2586 855 2647 915 &

101 1025 107 1030 ι
202 952 447 1012 inverse
476 962 544 1009 ut
573 947 904 1019 velocitas;
951 946 1219 1024 ideoque
1262 943 1495 1004 directe
1540 958 1608 1004 ut
1651 967 1893 1005 summa
1923 947 2183 1008 duarum
2215 952 2643 1029 quantitatum,

204 1043 466 1129 quarum
496 1068 620 1106 una
649 1045 844 1115 datur,
877 1043 1071 1103 altera
1101 1055 1197 1102 est
1227 1055 1295 1101 ut
1325 1041 1637 1102 velocitas
1752 1044 2235 1106 Decrementum
2290 1049 2475 1129 igitur
2518 1064 2645 1111 tam

206 1144 552 1206 velocitatis
582 1165 770 1223 quam
801 1141 981 1201 lineae
1031 1140 1091 1200 G
1108 1140 1192 1210 D,
1226 1151 1323 1198 est
1352 1152 1420 1197 ut
1451 1140 1762 1218 quantitas
1794 1141 1940 1200 data
1971 1142 2031 1201 ἃ
2061 1146 2371 1222 quantitas
2403 1147 2644 1208 decres-

201 1264 348 1303 cens
407 1241 797 1322 conjunctim,
854 1239 914 1299 &
964 1251 1220 1318 propter
1277 1236 1543 1317 analoga
1602 1238 2014 1311 decrementa,
2076 1242 2356 1323 analogae
2402 1267 2648 1325 semper

204 1358 386 1405 erunt
444 1343 822 1423 quantitates
881 1341 1358 1412 decrescentes;
1436 1340 1724 1400 nimirum
1783 1341 2078 1403 velocitas
2138 1344 2198 1403 ἃ
2257 1345 2419 1406 linea
2482 1349 2642 1409 Gl).

267 1489 280 1503 .
373 1491 385 1503 .
413 1443 496 1503 D.

206 1443 263 1518 Q
304 1443 513 1599 {orob
559 1558 604 1601 1.
666 1537 736 1598 Si
783 1533 1081 1597 velocitas
1128 1546 1478 1614 exponatur
1523 1555 1636 1613 per
1685 1532 2135 1616 longitudinem
2186 1540 2345 1612 GD,
2379 1543 2646 1621 spatium

69 1663 103 1701 ῃ
163 1645 165 1647 ’
200 1625 578 1716 descriptum
609 1636 725 1696 erit
754 1648 822 1695 ut
851 1655 996 1694 area
1026 1630 1426 1713 hyperbolica
1455 1633 1752 1693 DESR.

317 1735 514 1796 Corol.
554 1754 604 1796 2.
672 1733 759 1793 Et
802 1733 854 1793 si
898 1745 1214 1811 utcunque
1257 1743 1609 1790 assumatur
1638 1743 1936 1810 punctum
1966 1734 2047 1804 R,
2082 1734 2430 1796 invenietur
2458 1759 2645 1816 punc-

201 1848 334 1896 tum
362 1834 422 1895 G
443 1832 746 1913 capiendo
782 1832 914 1892 GR
943 1830 1023 1890 ad
1060 1830 1211 1901 GD,
1244 1842 1314 1890 ut
1343 1842 1440 1890 est
1468 1828 1763 1890 velocitas
1795 1831 1911 1890 sub
1943 1831 2116 1892 initio
2146 1833 2225 1892 ad
2256 1832 2646 1896 velocitatem

200 1946 342 2014 post
370 1932 638 2012 spatium
671 1929 939 2010 quodvis
969 1928 1101 1988 RS
1105 1928 1173 1987 E
1177 1928 1248 1987 D
1277 1927 1673 2006 descriptum.
1770 1928 2036 1990 Invento
2067 1944 2274 1991 autem
2305 1946 2535 2011 puncto
2571 1935 2643 2005 G,

197 2031 381 2091 datur
406 2028 679 2108 spatium
710 2049 789 2087 ex
820 2026 967 2086 data
995 2024 1341 2096 velocitate,
1378 2024 1437 2084 ἃ
1468 2037 1698 2086 contra.

315 2127 511 2188 Corol.
549 2146 602 2203 3.
671 2124 864 2185 Unde
915 2145 1055 2183 cum
1113 2123 1249 2204 (per
1296 2144 1470 2202 prop.
1528 2122 1620 2204 xl)
1670 2123 1853 2184 detur
1881 2124 2175 2186 velocitas
2207 2149 2285 2187 ex
2316 2128 2463 2188 dato
2494 2141 2644 2188 tem-

198 2247 364 2307 pore,
412 2224 474 2285 &
516 2245 629 2303 per
671 2222 830 2282 hanc
876 2221 1364 2301 propositionem
1405 2220 1587 2280 detur
1630 2222 1899 2300 spatium
1952 2246 2030 2284 ex
2078 2225 2225 2285 data
2274 2225 2642 2300 velocitate;

197 2324 444 2385 dabitur
472 2321 740 2402 spatium
765 2342 843 2381 ex
874 2319 1023 2380 dato
1054 2332 1334 2398 tempore
1363 2342 1374 2379 :
1423 2318 1482 2378 &
1513 2331 1741 2379 contra.

523 2556 1148 2619 PROPOSITIO
1217 2556 1445 2617 XIII.
1561 2556 2158 2617 THEOREMA
2227 2558 2316 2620 X.

195 2730 408 2792 Posito
457 2728 622 2810 quod
663 2735 879 2806 corpus
926 2727 1002 2786 ab
1053 2725 1367 2804 uniformi
1401 2727 1719 2806 <gravitate
1765 2726 2042 2786 deorsum
2088 2735 2424 2787 attractum
2484 2735 2642 2787 recta

278 2843 543 2905 ascendit
584 2842 682 2902 vel
715 2840 1008 2901 descemz'it
1028 2865 1050 2910 ,·
1115 2841 1197 2904 ὣ*
1233 2838 1398 2918 quod
1430 2838 1612 2897 eidem
1654 2838 1968 2898 resistitur
1987 2840 2237 2917 partim
2289 2841 2355 2899 iu
2410 2840 2648 2899 ratione

279 2956 621 3028 velocitatis,
639 2954 888 3034 partim
918 2952 985 3012 iu
1015 2951 1272 3030 ejusdem
1318 2950 1556 3009 ratione
1590 2949 1932 3028 duplicata.-
1971 2950 2099 3009 dico
2134 2952 2307 3030 quod,
2338 2952 2398 3012 si
2427 2952 2649 3011 circuli

283 3071 363 3134 ἐπ’
410 3067 743 3148 lzyperbolae
781 3064 1097 3124 diametris
1109 3063 1439 3143 parallelce
1467 3069 1640 3120 rectae
1660 3070 1786 3140 per
1810 3060 2283 3139 conjugatarum
2318 3062 2638 3122 diametro-

280 3202 424 3241 rum
475 3179 763 3239 terminos
817 3177 1142 3247 ducantur,
1201 3178 1282 3240 <⁶5³
1325 3175 1654 3235 velocitates
1690 3174 1820 3234 siut
1875 3181 1948 3232 ut
2002 3182 2300 3253 segmenta
2365 3175 2640 3253 quaedam

264 3293 728 3372 parallelarum
786 3312 827 3349 a
882 3290 1023 3349 dato
1066 3296 1301 3368 puncto
1357 3287 1538 3346 ducta
1562 3311 1586 3356 ‚·
1659 3293 1926 3364 tempora
1983 3294 2173 3344 eruut
2221 3293 2294 3344 ut
2347 3306 2638 3345 arearum

276 3413 534 3478 sectoreS,
564 3403 737 3463 rectis
774 3425 814 3462 a
862 3410 1064 3461 centro
1102 3399 1191 3459 ad
1210 3405 1649 3478 segmentorum
1679 3397 1967 3457 terminos
1994 3397 2191 3457 ductis
2218 3397 2498 3457 abscissi:
2560 3398 2639 3459 ὅ

281 3524 508 3576 contra.

307 3681 447 3742 Cas.
505 3702 551 3741 1.
620 3680 932 3740 Ponamus
983 3678 1184 3756 primo
1242 3676 1411 3756 quod
1465 3697 1686 3754 corpus
1738 3674 2033 3744 ascendit,
2084 3686 2419 3750 centroque
2461 3671 2531 3729 D
2575 3669 2635 3728 Sc

197 3778 656 3839 semidiametro
700 3776 923 3856 quovis
966 3776 1037 3834 D
1064 3776 1129 3834 B
1171 3773 1554 3844 describatur
1596 3770 1801 3870 circuli
1846 3770 2157 3850 quadrans
2199 3770 2263 3828 B
2284 3769 2353 3827 E
2380 3767 2443 3826 T
2452 3767 2526 3836 F,
2574 3766 2635 3825 &
2697 3832 2699 3835 ,
