2846 4250
1172 93 1412 143 LIBER
1451 93 1789 144 TERTIUS.
2575 110 2698 170 493

333 337 338 340 Ι
384 258 739 340 Designent
780 255 838 316 S
875 252 1088 327 solem,
1133 254 1201 326 T,
1234 261 1275 326 t,
1307 279 1347 311 τ
1388 254 1507 315 tria
1547 252 1684 316 loca
1725 266 1906 316 terrae
1950 256 2012 316 in
2056 255 2207 317 orbe
2249 276 2495 338 magno,
2539 255 2679 316 TA

265 366 297 419 t
320 358 400 430 B,
460 381 500 414 τ
532 355 591 416 C
641 355 1007 415 observatas
1079 363 1205 412 tres
1277 350 1697 433 longitudines
1761 366 2040 428 cometae,
2112 356 2177 415 V
2225 367 2472 434 tempus
2544 353 2705 414 inter

160 485 165 489 ·
265 451 768 517 observationem
812 451 1077 531 primam
1122 449 1183 510 &
1226 449 1580 521 secundam,
1627 450 1716 510 W
1746 462 1993 531 tempus
2045 451 2206 512 inter
2249 451 2587 512 secundam
2632 471 2706 510 ac

264 553 526 624 tertiam,
583 551 650 610 X
698 548 1170 630 longitudinem,
1224 568 1413 627 quam
1471 560 1714 608 cometa
1770 560 1904 610 toto
1955 547 2059 611 illo
2109 549 2391 629 ternpore
2440 570 2517 610 ea
2564 569 2704 608 cum

264 650 608 722 velocitate,
655 671 844 730 quam
895 649 1086 709 habet
1136 647 1199 707 in
1250 646 1545 707 mediocri
1595 645 1828 707 telluris
1878 670 1917 708 a
1959 647 2090 710 sole
2139 649 2447 719 distantia,
2479 648 2704 711 deseri-

264 749 414 810 bere
457 760 686 828 posset,
728 768 998 827 quaeque
1045 744 1183 827 (per
1234 742 1416 806 corol.
1456 764 1490 822 3
1536 766 1708 824 prop.
1756 765 1842 805 XL
1884 745 1984 808 lib.
2034 746 2130 830 111)
2179 746 2554 808 invenienda
2596 758 2706 818 est,

267 845 328 907 &
379 853 408 906 t
443 845 507 906 V
547 843 1056 925 perpendiculum
1108 845 1169 905 in
1222 843 1517 904 chordam
1581 843 1644 903 T
1651 868 1704 904 τ.
1818 844 1892 903 In
1939 845 2271 906 observata
2319 843 2708 926 longitudine

266 942 472 1004 media
501 943 610 1002 tB
637 954 918 1002 sumatur
959 954 1275 1022 utcunque
1318 954 1616 1021 punctum
1659 942 1725 1000 B
1766 963 1880 1021 pro
1929 939 2066 1002 loco
2112 954 2372 1003 cometae
2416 943 2478 1002 in
2521 940 2709 1022 plano

267 1038 581 1120 eclipticae,
630 1039 691 1100 8c
742 1039 888 1100 inde
926 1047 1158 1100 ‘versus
1209 1036 1405 1100 solem
1459 1038 1515 1098 S
1553 1038 1814 1099 ducatur
1863 1036 2025 1099 linea
2074 1039 2140 1098 B
2166 1040 2250 1114 E,
2305 1060 2445 1119 quae
2495 1039 2578 1098 sit
2627 1038 2709 1098 ad

266 1138 559 1219 sagittam
591 1145 619 1197 t
656 1137 724 1208 V,
757 1149 827 1197 ut
856 1149 1218 1198 contentum
1262 1136 1379 1196 sub
1425 1136 1481 1195 8
1492 1137 1558 1195 Β
1609 1135 1670 1195 &
1717 1136 1773 1195 S
1791 1143 1820 1195 t
1858 1135 2035 1214 quad.
2068 1135 2149 1195 ad
2180 1136 2405 1196 cubum
2449 1135 2703 1216 hypote-

269 1257 441 1296 nusae
470 1235 761 1317 trianguli
792 1233 1147 1317 rectanguli,
1181 1235 1354 1316 cujus
1384 1233 1578 1295 latera
1606 1245 1751 1294 sunt
1796 1234 1852 1293 8
1863 1235 1929 1293 Β
1969 1234 2029 1294 &
2067 1246 2332 1314 tangens
2370 1232 2710 1295 latitudinis

267 1347 530 1396 cometae
575 1335 636 1394 in
682 1334 1120 1395 observatione
1163 1332 1438 1393 secunda
1480 1331 1562 1391 ad
1614 1332 1854 1391 radium
1900 1331 2025 1390 tB.
2120 1330 2209 1390 Et
2250 1352 2363 1410 per
2414 1343 2710 1410 punctum

265 1433 335 1492 E
360 1443 583 1512 agatur
615 1430 752 1512 (per
794 1431 977 1512 hujus
1020 1428 1159 1492 lem.
1194 1429 1306 1511 vn)
1341 1441 1510 1490 recta
1552 1429 1620 1488 A
1647 1430 1717 1488 Ε
1743 1429 1810 1499 C,
1848 1428 2021 1508 cujus
2066 1439 2273 1506 partes
2323 1428 2391 1486 A
2420 1429 2500 1499 E,
2550 1430 2618 1487 E
2645 1429 2708 1499 C,

266 1530 348 1591 ad
379 1543 578 1591 rectas
622 1530 754 1590 TA
793 1529 853 1589 &
882 1529 992 1589 ‘rC
1015 1528 1382 1602 terminatae,
1417 1526 1543 1586 sint
1571 1526 1653 1586 ad
1684 1526 1949 1586 invicem
1980 1537 2048 1584 ut
2083 1537 2365 1604 tempora
2411 1526 2473 1584 V
2495 1525 2555 1585 &
2598 1527 2713 1587 W:

268 1627 540 1689 &erunt
567 1628 636 1688 A
674 1627 734 1688 81
770 1627 827 1688 C
850 1626 987 1688 loca
1017 1639 1278 1689 cometae
1323 1626 1385 1685 in
1433 1622 1621 1704 plano
1672 1621 1971 1702 eclipticae
2023 1622 2084 1682 in
2129 1623 2563 1683 observatione
2593 1624 2712 1702 pri-

266 1749 370 1788 ma
399 1749 470 1787 ac
501 1726 682 1787 tertia
715 1726 1204 1806 quamproxime,
1238 1724 1290 1784 si
1321 1722 1511 1784 modo
1540 1723 1605 1782 B
1633 1722 1728 1782 sit⁴
1756 1719 1927 1783 locus
1971 1721 2105 1802 ejus
2150 1733 2316 1782 recte
2359 1734 2714 1801 assumptus

268 1827 330 1887 in
361 1825 800 1888 observatione
832 1824 1121 1884 secunda.

381 1924 491 1984 Ad
521 1924 590 1984 A
625 1924 681 1984 C
704 1923 1003 1984 bisectam
1036 1923 1098 1982 in
1127 1923 1177 1982 I
1198 1921 1369 2003 erige
1399 1917 1910 2000 perpendiculum
1954 1919 2003 1978 J
2017 1918 2055 1978 i.
2152 1917 2271 1978 Per
2309 1929 2607 1996 punctum
2650 1918 2716 1977 B

267 2046 387 2106 age
417 2022 719 2085 occultam
751 2023 816 2082 B
837 2022 866 2082 τ’
906 2022 1022 2101 ipsi
1067 2022 1135 2081 A
1170 2020 1227 2081 C
1243 2017 1616 2100 parallelam.
1707 2018 1915 2098 Junge
1945 2014 2248 2077 occultam
2279 2016 2335 2075 S
2348 2015 2378 2075 i
2402 2027 2715 2076 secantem

267 2124 335 2183 A
372 2124 429 2184 C
452 2123 512 2183 in
557 2128 612 2193 λ,
648 2121 708 2182 &
756 2119 1000 2201 comple
1044 2118 1694 2201 parallelogrammum
1739 2117 1834 2177 τ’]
1844 2121 1881 2172 λ
1901 2134 1952 2177 μ.
2047 2115 2221 2194 Cape
2263 2116 2366 2173 Io·
2410 2113 2713 2194 aequalem

270 2242 304 2299 3
330 2222 379 2281 J
388 2226 446 2295 λ,
495 2221 555 2281 &
599 2242 712 2300 per
754 2219 949 2281 solem
997 2219 1053 2279 S
1092 2240 1212 2300 age
1257 2217 1562 2279 occultam
1608 2215 1705 2295 σξ
1746 2212 2050 2294 aequalem
2099 2233 2131 2290 3
2161 2213 2217 2272 S
2230 2227 2337 2279 cr÷
2359 2233 2391 2289 3
2419 2213 2513 2273 κ’λ.
2627 2213 2715 2272 Et

267 2318 489 2381 deletis
524 2320 656 2400 jam
709 2318 900 2379 literis
947 2318 1038 2389 A,
1082 2318 1164 2389 E,
1217 2317 1283 2388 C,
1330 2317 1386 2388 J,
1434 2337 1472 2375 a
1523 2328 1753 2395 puncto
1797 2315 1862 2373 B
1904 2332 2123 2372 versus
2169 2324 2465 2390 punctum
2517 2310 2554 2390 ξ
2594 2310 2715 2370 duc

262 2418 567 2482 occultam
599 2439 826 2480 novam
859 2418 1025 2489 BE,
1060 2438 1202 2496 quae
1247 2416 1327 2477 sit
1371 2415 1452 2476 ad
1497 2415 1770 2495 priorem
1815 2413 1965 2472 BE
2007 2412 2066 2471 in
2115 2409 2426 2489 duplicata
2476 2410 2714 2470 ratione

263 2521 574 2582 distantiae
604 2521 669 2580 B
688 2520 743 2579 S
768 2518 848 2579 ad
882 2518 1294 2598 quantitatem
1341 2517 1397 2576 S
1413 2555 1450 2598 μ
1472 2515 1574 2583 42}
1599 2516 1692 2575 ι’λ.
1789 2514 1878 2573 Et
1908 2507 2019 2592 per
2064 2524 2359 2591 punctum
2394 2511 2463 2569 E
2491 2510 2711 2570 iterum

263 2621 384 2681 duc
415 2632 646 2681 rectam
678 2619 745 2678 A
770 2619 839 2678 E
861 2618 918 2679 C
940 2617 1162 2679 eadem
1192 2615 1334 2698 lege
1364 2638 1436 2677 ac
1467 2616 1654 2696 priUS,
1690 2615 1752 2675 id
1798 2626 1907 2684 est,
1942 2613 2027 2690 ita
2056 2625 2125 2672 ut
2155 2613 2286 2693 ejus
2318 2624 2524 2690 partes
2554 2612 2623 2671 A
2646 2613 2716 2671 E

266 2719 326 2780 &
355 2720 425 2779 E
447 2719 504 2779 C
540 2718 664 2777 sint
701 2717 780 2776 ad
814 2716 1079 2776 invicem
1110 2728 1181 2776 ut
1210 2728 1495 2795 tempora
1539 2715 1699 2774 inter
1738 2711 2203 2774 observationes
2250 2709 2395 2770 V&
2438 2711 2529 2770 W.
2625 2710 2712 2770 Et

264 2830 446 2879 erunt
473 2817 541 2876 A
580 2815 640 2876 &
675 2816 732 2876 C
755 2813 890 2875 loca
919 2827 1180 2875 cometae
1213 2814 1413 2896 magis
1444 2825 1740 2873 accurate.

379 2914 487 2974 Ad
518 2914 586 2974 A
622 2914 679 2974 C
716 2914 1015 2974 bisectam
1062 2913 1123 2972 in
1168 2913 1217 2971 J
1254 2913 1571 2993 erigantur
1614 2906 2054 2990 perpendicula
2103 2907 2171 2966 A
2202 2907 2299 2978 Μ,
2356 2906 2518 2978 CN,
2568 2907 2616 2965 I
2636 2907 2705 2977 O,

264 3034 528 3093 quorum
558 3011 809 3072 AM&
846 3012 982 3072 CN
1004 3012 1128 3071 sint
1158 3023 1488 3092 tangentes
1528 3008 1922 3069 latitudinum
1956 3007 2015 3066 in
2047 3005 2481 3066 observatione
2511 3006 2708 3084 prima

263 3132 336 3172 ac
367 3111 548 3171 tertia
576 3110 657 3170 ad
689 3110 895 3170 radios
939 3110 1060 3170 TA
1099 3109 1159 3170 &
1189 3109 1307 3172 -1-C.
1382 3109 1694 3188 Jungatur
1721 3106 1890 3165 MN
1912 3126 2129 3165 secans
2158 3105 2207 3163 J
2206 3105 2262 3164 0
2293 3104 2353 3164 in
2390 3105 2459 3164 O.
2541 3104 2703 3164 Con-

262 3208 554 3268 stituatur
604 3206 1032 3287 rectangulum
1081 3208 1111 3268 z‘
1126 3209 1176 3268 J
1189 3212 1226 3263 λ
1251 3237 1288 3280 μ
1341 3219 1411 3266 ut
1461 3206 1646 3285 prius,
1767 3204 1839 3263 In
1892 3203 1940 3261 J
1955 3202 2023 3261 A
2080 3201 2382 3280 producta
2433 3201 2708 3280 capiatur

263 3307 406 3367 ID
462 3304 719 3386 aequalis
779 3306 836 3366 S
856 3339 894 3382 μ
930 3321 981 3374 -ι-
1020 3306 1054 3372 2²}
1083 3306 1113 3366 z’
1135 3310 1189 3365 λ.
1331 3303 1581 3364 Deinde
1641 3302 1701 3362 in
1773 3301 1868 3360 M
1887 3300 1971 3359 N
2022 3320 2238 3359 versus
2298 3300 2381 3358 N
2431 3299 2706 3376 capiatur

262 3403 454 3475 ΜΡ,
515 3425 656 3483 quae
728 3403 809 3463 sit
864 3404 945 3464 ad
1017 3402 1471 3485 longitudinem
1543 3421 1730 3479 supra
1799 3398 2114 3458 inventam
2191 3397 2254 3456 X
2332 3396 2390 3455 in
2473 3395 2701 3455 subdu-

265 3499 490 3580 plicata
540 3502 779 3562 ratione
838 3501 1166 3563 mediocris
1217 3498 1528 3560 distantiae
1573 3495 1806 3557 telluris
1856 3516 1895 3554 a
1944 3492 2074 3554 sole
2129 3492 2262 3574 (seu
2314 3491 2701 3552 semidiame-

266 3599 344 3659 tri
403 3600 570 3660 orbis
630 3599 864 3682 magni)
912 3600 991 3661 ad
1051 3598 1410 3659 distantiam
1474 3596 1632 3656 OD.
1753 3593 1823 3654 Si
1882 3603 2178 3671 punctum
2235 3591 2299 3648 P
2356 3589 2583 3651 incidat
2642 3590 2701 3649 in

267 3710 565 3776 punctum
595 3698 680 3758 Ν
691 3725 716 3769 ,·
759 3710 940 3759 erunt
968 3699 1058 3770 A,
1090 3698 1168 3769 B,
1207 3696 1263 3756 C
1288 3695 1403 3755 tria
1445 3691 1582 3753 loca
1625 3703 1898 3760 cometae,
1931 3709 2044 3768 per
2086 3707 2227 3767 quae
2270 3686 2435 3746 orbis
2465 3686 2597 3766 ejus
2644 3685 2702 3745 in
