2846 4250
1126 125 1368 176 LJBER
1409 125 1744 205 TERTIUS.
1793 127 1796 131 ·
2534 132 2660 205 469

331 291 533 355 Corol.
566 310 625 370 4.
675 289 768 352 Et
793 310 936 352 cum
963 309 1116 351 vera
1143 289 1450 351 diameter
1489 287 1655 350 lunae
1692 309 1773 350 ex
1815 289 2354 352 observationibus
2383 304 2662 355 astrono-

216 392 392 454 micis
420 391 503 452 sit
530 389 613 451 ad
640 400 855 451 veram
885 387 1258 449 diametrum
1296 399 1478 449 terrae
1507 399 1578 448 ut
1629 406 1747 449 100
1789 387 1870 447 ad
1917 391 2037 464 365
2060 408 2074 458 ;
2118 387 2235 448 erit
2262 408 2468 450 massa
2495 388 2660 452 lunae

215 489 299 551 ad
328 508 600 550 massam
629 498 810 548 terrae
841 498 910 547 ut
947 506 970 546 1
1008 485 1090 546 ad
1123 489 1365 564 39‚788.
1699 497 1704 502 ’
2126 509 2132 514 ·

334 586 530 647 Corol.
568 602 618 663 5.
670 583 759 644 Et
806 583 1084 665 gravitas
1134 582 1532 645 acceleratrix
1590 583 1652 643 in
1703 583 2030 663 superficie
2086 581 2251 644 lunae
2310 582 2427 645 erit
2484 586 2662 665 quasi

214 681 400 764 triplo
429 682 633 744 minor
661 703 850 763 quam
877 682 1154 764 gravitas
1184 681 1581 744 acceleratrix
1611 682 1673 742 in
1704 682 2028 762 superficie
2058 695 2256 743 terrae.

332 783 529 845 Corol.
565 787 619 844 6.
671 781 760 842 Et
789 781 1085 842 distantia
1113 782 1306 843 centri
1336 780 1500 842 lunae
1530 803 1568 842 a
1597 795 1809 842 centro
1839 794 2019 841 terrae
2050 781 2166 841 erit
2194 781 2275 841 ad
2305 780 2661 842 distantiam

133 877 138 881 ’
214 881 408 942 centri
451 879 616 941 lunae
666 902 706 940 a
754 879 1067 941 communi
1117 880 1443 962 gravitatis
1493 893 1706 941 centro
1757 892 1939 941 terrae
1993 879 2055 940 &
2103 877 2283 952 lunae,
2315 892 2385 941 ut
2434 881 2659 957 40,788

213 979 296 1040 ad
329 981 573 1057 39‚788.

332 1077 533 1138 Corol.
574 1093 624 1156 7.
677 1077 767 1138 Et
815 1077 1145 1139 mediocris
1197 1075 1493 1137 distantia
1543 1075 1738 1137 centri
1788 1073 1953 1136 lunae
2011 1097 2050 1136 a
2099 1087 2313 1138 centro
2363 1088 2546 1137 terrae
2598 1076 2662 1139 in

214 1176 567 1238 octantibus
610 1173 775 1237 lunae
821 1175 939 1237 erit
980 1174 1584 1236 semidiametrorum
1629 1174 2039 1234 maximarum
2083 1187 2266 1236 terrae
2298 1174 2415 1240 6οἓ-
2442 1196 2659 1255 quam-

213 1273 514 1355 proxime.
609 1273 779 1334 Nam
802 1287 985 1335 terrae
1013 1273 1476 1335 semidiameter
1504 1273 1775 1332 maxima
1803 1272 1919 1331 fuit
1947 1271 2179 1351 pedum
2209 1273 2663 1333 Parz'sz'ensz‘um

223 1374 568 1448 19658600,
603 1370 664 1432 81
707 1372 1036 1433 mediocris
1066 1371 1362 1432 distantia
1390 1384 1743 1432 centrorum
1775 1383 1956 1430 terrae
2005 1370 2065 1431 &
2111 1369 2291 1442 lunae,
2325 1392 2405 1431 ex
2448 1371 2659 1451 hujus-

215 1469 387 1530 modi
430 1469 906 1530 semidiametris
952 1469 1069 1535 6οἓ
1112 1482 1419 1541 constanS,
1469 1469 1727 1549 aequalis
1771 1481 1868 1528 est
1911 1468 2177 1547 pedibus
2230 1472 2657 1546 1187379440.

219 1567 472 1629 Ethaec
515 1568 810 1628 distantia
843 1567 982 1649 (per
1023 1567 1412 1630 corollarium
1457 1567 1765 1648 superius)
1801 1578 1898 1627 est
1941 1567 2022 1626 ad
2067 1567 2425 1627 distantiam
2470 1567 2663 1628 centri

214 1664 380 1727 lunae
409 1687 448 1727 a
477 1666 788 1728 communi
831 1667 1156 1749 gravitatis
1187 1679 1401 1727 centro
1431 1679 1612 1726 terrae
1644 1665 1704 1725 &
1733 1664 1896 1725 lunae
1928 1677 1996 1724 ut
2026 1668 2250 1742 40,788
2283 1665 2363 1725 ad
2399 1667 2619 1743 39‚788
2650 1688 2663 1726 ε

215 1765 485 1846 ideoque
535 1766 831 1827 distantia
876 1766 1186 1846 posterior
1234 1778 1332 1827 est
1381 1765 1614 1846 pedum
1668 1766 2097 1843 1158268534.
2192 1764 2281 1824 Et
2331 1786 2471 1824 cum
2517 1762 2664 1824 luna

214 1862 587 1937 revolvatur,
621 1878 905 1944 respectu
951 1864 1230 1937 fixarum,
1262 1865 1483 1926 diebus
1519 1882 1595 1943 27
1628 1864 1794 1926 horis
1831 1882 1863 1943 7
1898 1864 1958 1924 &
1987 1864 2239 1924 minutis
2269 1865 2482 1944 primis
2514 1863 2665 1942 4335

214 1961 387 2022 sinus
416 1983 636 2023 versus
679 1961 906 2044 anguli,
940 1985 1128 2043 quem
1172 1962 1320 2023 luna
1369 1975 1654 2042 ternpore
1706 1963 1926 2022 minuti
1978 1963 2159 2023 unius
2211 1964 2392 2043 primi
2437 1963 2662 2023 descri-

214 2059 323 2132 bit,
356 2073 453 2121 est
491 2077 686 2139 12752
698 2081 835 2139 341,
868 2062 1178 2123 existente
1206 2062 1383 2123 radio
1422 2082 2142 2134 1000‚oo0000‚000000.
2238 2063 2325 2123 Et
2354 2075 2424 2122 ut
2453 2063 2662 2122 radius

213 2170 315 2219 est
364 2157 446 2218 ad
499 2158 665 2219 hunc
715 2159 921 2220 sinum
972 2181 1243 2235 versum,
1288 2160 1375 2221 ita
1426 2172 1572 2220 sunt
1614 2160 1809 2240 pedes
1872 2163 2283 2238 1158268534
2334 2160 2413 2220 ad
2466 2161 2661 2240 pedes

205 2262 563 2336 ,14,770635
575 2277 626 2335 3.
723 2257 905 2318 Luna
951 2258 1139 2340 igitur
1182 2260 1246 2345 vi
1293 2258 1408 2331 illa,
1442 2281 1567 2339 qua
1614 2260 1913 2320 retinetur
1959 2259 2020 2319 in
2073 2259 2238 2331 orbe,
2271 2259 2554 2319 cadendo
2601 2259 2662 2318 in

214 2366 443 2415 terram
487 2368 770 2436 tempore
814 2357 1033 2418 minuti
1064 2357 1247 2418 unius
1277 2357 1458 2438 primi
1490 2357 1798 2418 describet
1827 2356 2021 2436 pedes
2062 2362 2359 2434 14,77063
2370 2375 2399 2434 5
2412 2377 2462 2434 3.
2576 2356 2665 2416 Et

216 2453 511 2533 augendo
568 2453 729 2514 hanc
787 2455 916 2515 vim
969 2457 1030 2516 in
1083 2456 1322 2516 ratione
1389 2455 1569 2533 1783}ss
1625 2455 1706 2515 ad
1767 2456 1953 2534 1773-‘3
2003 2455 2332 2515 habebitur
2380 2456 2477 2516 vis
2529 2467 2664 2516 tota

214 2552 541 2634 gravitatis
573 2552 634 2612 in
666 2554 818 2614 orbe
847 2552 1011 2615 lunae
1041 2576 1155 2635 per
1195 2552 1399 2616 Corol.
1441 2555 1621 2635 Prop.
1667 2574 1752 2617 111.
1850 2555 1937 2615 Et
1967 2555 2082 2615 hac
2111 2555 2173 2615 vi
2204 2553 2350 2615 luna
2379 2554 2664 2615 cadendo

216 2662 501 2730 tempore
557 2651 778 2712 minuti
837 2652 1019 2713 unius
1058 2651 1260 2732 *primi
1307 2653 1619 2713 describet
1665 2653 1861 2733 pedes
1918 2656 2319 2731 14,8538067.
2436 2652 2525 2711 Et
2581 2651 2662 2711 ad

217 2748 674 2830 sexagesimam
718 2763 960 2829 partem
1011 2751 1325 2812 distantiae
1378 2750 1542 2812 lunae
1594 2773 1632 2811 a
1674 2765 1888 2812 centro
1931 2764 2127 2823 terrae,
2162 2751 2224 2811 id
2272 2764 2368 2812 est
2410 2750 2491 2810 ad
2539 2751 2661 2810 dis-

218 2847 477 2907 tantiam
535 2847 768 2927 pedum
830 2852 1194 2927 197896573
1249 2872 1287 2910 a
1333 2864 1547 2911 centro
1605 2863 1800 2922 terrae,
1852 2872 2074 2930 corpus
2132 2872 2326 2931 grave
2384 2863 2665 2928 tempore

219 2944 438 3004 minuti
490 2945 672 3005 unius
732 2947 988 3007 secundi
1048 2948 1331 3009 cadendo
1383 2949 1692 3010 describet
1749 2950 1936 3010 etiam
1994 2949 2188 3029 pedes
2258 2952 2662 3026 14,8538067.

224 3042 505 3122 Ideoque
535 3042 616 3102 ad
648 3043 1007 3104 distantiam
1038 3046 1270 3125 pedum
1312 3050 1654 3124 19615800,
1682 3047 1787 3127 qui
1820 3057 1966 3107 sunt
1995 3060 2175 3107 terrae
2206 3047 2666 3108 semidiameter

220 3144 565 3215 mediocriS,
611 3166 805 3225 grave
856 3146 1140 3207 cadendo
1190 3147 1500 3208 describet
1543 3148 1739 3228 pedes
1789 3164 2118 3225 ⁴15,11175‚
2167 3168 2278 3207 seu
2329 3147 2525 3226 pedes
2593 3163 2661 3223 15

222 3244 347 3325 dig.
393 3264 414 3303 1
456 3242 516 3303 &
558 3241 659 3304 lin.
697 3243 821 3319 41L1.
940 3244 1067 3305 Hic
1111 3247 1228 3306 erit
1270 3246 1609 3307 descensus
1661 3268 1989 3326 corporum
2042 3246 2103 3306 in
2155 3244 2481 3305 latitudine
2530 3265 2667 3324 gra-

222 3342 419 3402 duum
477 3357 574 3418 45.
667 3340 755 3401 Et
804 3362 918 3421 per
974 3342 1249 3403 tabulam
1299 3346 1760 3424 praecedentem
1808 3346 1869 3405 in
1922 3366 2095 3424 prop.
2152 3363 2242 3403 xx
2294 3343 2667 3421 descriptam

225 3442 563 3503 descensus
593 3441 710 3501 erit
738 3440 924 3520 paulo
955 3443 1153 3524 major
1182 3443 1243 3503 in
1273 3442 1599 3505 latitudine
1628 3446 1898 3505 Lutetz'ae
1932 3444 2332 3503 Parisiorum
2362 3442 2669 3501 existente

227 3561 487 3602 excessu
533 3539 711 3618 quasi
754 3538 790 3604 ἓ
834 3541 1102 3618 partium
1154 3540 1350 3603 lineae.
1463 3543 1701 3603 Gravia
1749 3544 1936 3624 igitur
1981 3564 2093 3621 per
2142 3542 2259 3601 hoc
2311 3552 2668 3618 computum

228 3639 290 3699 in
347 3636 674 3697 latitudine
729 3637 998 3696 Lutetz'ae
1052 3639 1335 3700 cadendo
1384 3641 1445 3700 in
1503 3662 1705 3701 vacuo
1764 3642 2116 3701 describent
2162 3653 2441 3717 tempore
2488 3637 2668 3696 unius

227 3735 483 3798 secundi
527 3734 721 3814 pedes
756 3735 1134 3797 Parzkz‘enses
1184 3755 1252 3815 15
1301 3738 1427 3819 dig.
1470 3760 1491 3798 1
1532 3739 1592 3799 &
1622 3738 1723 3800 lin.
1759 3738 1867 3815 4ἐὲ
1897 3739 2148 3798 circiter.
2244 3737 2331 3795 Et
2370 3735 2420 3795 si
2464 3736 2669 3816 gravi-
