2852 4250
165 123 185 164 1
203 121 280 182 54
970 100 1087 150 DE
1118 99 1359 152 MOTU
1389 98 1695 150 CORPOR
1706 97 1830 148 ΠΜ

156 267 415 343 culareS,
451 267 513 330 81
557 265 788 350 cyclois
835 280 1051 330 nostra
1095 266 1294 328 abibit
1339 265 1401 326 in
1447 261 1798 345 cycloidem
1843 259 2036 346 vulgi.
2157 263 2293 326 Isto
2335 276 2551 326 autem
2597 264 2661 327 in

156 393 304 432 casu
379 367 713 452 longitudo
786 390 966 429 arcus
1041 365 1356 448 cycloidiS‚
1420 365 1584 425 inter
1655 361 1915 444 planum
1990 361 2144 424 illud
2219 362 2282 425 &
2354 377 2661 445 punctum

156 470 540 545 describenS,
592 465 853 549 aequalis
906 466 1140 528 evadet
1192 463 1672 547 quadruplicato
1724 463 1889 524 sinui
1943 485 2131 525 verso
2179 463 2425 526 dimidii
2478 486 2661 526 arcus

159 584 315 632 rotae
348 569 510 630 inter
541 568 709 629 idem
741 566 999 648 planum
1033 566 1094 627 ἃ
1126 579 1430 647 punctum
1462 563 1862 637 describens;
1910 578 1982 625 ut
2023 565 2267 626 invenit
2309 565 2663 628 Wrennus:

160 670 250 731 Et
308 667 654 751 pendulum
716 668 878 728 inter
935 667 1094 726 duas
1155 663 1466 747 ejusmodi
1528 661 1844 743 cycloides
1921 665 1983 726 in
2044 665 2234 726 simili
2295 665 2357 727 &
2431 665 2660 748 aequali

157 770 438 852 cycloide
471 767 859 848 temporibus
891 765 1241 846 aequalibus
1273 762 1671 834 osculabitur,
1706 765 2271 829 utdemonstravit
2299 767 2658 850 Hugem'uS.

158 870 291 932 Sed
331 869 392 930 &
423 868 765 929 descensus
812 867 1121 948 gravium,
1156 878 1444 945 tempore
1493 860 1902 926 oscillationis
1951 866 2153 940 uniuS,
2203 867 2254 929 is
2303 866 2422 929 erit
2470 889 2662 949 quem

162 970 507 1052 Hugenz'us
537 968 852 1029 indicavit.

271 1071 597 1151 Aptantur
653 1081 866 1129 autem
926 1068 1393 1149 propositiones
1453 1089 1491 1128 a
1551 1067 1734 1129 nobis
1795 1066 2248 1129 demonstratae
2308 1067 2390 1129 ad
2443 1089 2663 1129 veram

156 1170 666 1234 constitutionem
715 1182 916 1242 terrae,
966 1181 1279 1250 quatenus
1327 1182 1481 1229 rotae
1529 1167 1742 1229 eundo
1789 1168 1851 1228 in
1898 1168 2034 1250 ejus
2080 1166 2324 1229 circulis
2370 1168 2663 1230 maximis

155 1271 518 1333 describunt
563 1283 738 1332 motu
784 1268 1123 1341 clavorum,
1158 1268 1513 1350 perimetris
1559 1268 1690 1329 suis
1738 1268 2093 1341 infixorum,
2127 1266 2442 1350 cycloides
2484 1281 2665 1330 extra

153 1371 449 1456 globum3
499 1371 560 1432 ἃ
590 1370 867 1452 pendula
899 1371 1156 1433 inferius
1203 1370 1266 1431 in
1313 1369 1546 1432 fodinis
1580 1369 1641 1431 &
1687 1369 1975 1431 cavernis
2021 1382 2206 1430 terrae
2237 1390 2564 1450 suspensa,
2599 1369 2662 1430 in

155 1471 540 1555 cycloidibus
602 1473 765 1534 intra
836 1470 1063 1556 globos
1138 1470 1405 1534 oscillari
1482 1471 1737 1544 debent,
1800 1484 1871 1532 ut
1944 1469 2366 1533 oscillationes
2440 1491 2664 1532 omnes
2743 1497 2746 1500 ⁴

156 1575 436 1636 evadant
488 1574 853 1636 isochronae.
981 1573 1154 1633 Nam
1213 1573 1498 1655 gravitas
1563 1571 1659 1656 (ut
1718 1572 1781 1633 in
1842 1570 2002 1634 libro
2063 1572 2249 1634 tertio
2308 1571 2662 1653 docebitur)

156 1674 464 1736 decrescit
496 1675 556 1735 in
589 1696 930 1757 progressu
963 1696 1001 1736 a
1031 1674 1363 1755 superficie
1395 1686 1598 1750 terrae,
1633 1695 1883 1735 sursum
1930 1672 2191 1755 quidem
2238 1672 2301 1734 in
2347 1670 2667 1754 duplicata

155 1775 398 1836 ratione
480 1774 920 1836 distantiarum
998 1798 1037 1836 a
1114 1788 1332 1837 centro
1411 1774 1565 1857 ejuS,
1646 1773 1949 1837 deorsum
2039 1796 2195 1838 vero
2280 1774 2343 1837 in
2418 1774 2664 1837 ratione

154 1874 438 1958 simplici.

372 2115 1011 2179 PROPOSITIO
1092 2117 1311 2179 LIII.
1441 2114 2021 2178 PROBLEMA
2103 2113 2440 2177 XXXV.

157 2284 215 2346 C
210 2285 458 2346 oncessz‘s
482 2285 868 2368 figurarum
902 2287 1402 2349 curvilz'nearum
1446 2286 1885 2370 quadraturis,
1919 2285 2199 2349 invenire
2239 2284 2402 2348 vires
2441 2285 2667 2368 quibus

234 2410 493 2482 corpora
579 2402 650 2463 in
736 2402 903 2465 datis
988 2404 1200 2467 curvis
1272 2404 1455 2466 lineis
1527 2403 1935 2466 oscz’llatz'ones
2004 2409 2241 2483 semper
2313 2399 2666 2462 z'soclcronas

222 2522 544 2597 peragent.

243 2668 584 2732 Oscilletur
614 2693 841 2753 corpus
886 2672 950 2733 T
989 2673 1050 2733 in
1101 2695 1297 2735 curva
1345 2675 1572 2756 quavis
1617 2673 1785 2737 linea
1829 2674 1888 2735 S
1914 2674 1979 2735 T
1984 2674 2054 2736 R
2075 2673 2151 2750 Q,
2186 2673 2363 2756 cujus
2408 2672 2547 2733 axis
2583 2669 2666 2734 sit

152 2769 222 2830 A
248 2770 315 2830 R
361 2771 670 2832 transiens
719 2794 834 2852 per
880 2774 1108 2834 virium
1158 2788 1444 2836 centrum
1500 2776 1565 2838 C.
1692 2774 1950 2859 Agatur
2013 2775 2078 2836 T
2084 2774 2163 2836 X
2208 2796 2355 2856 quae
2403 2794 2663 2835 curvam

157 2868 325 2931 illam
376 2870 450 2931 in'
488 2873 766 2952 corporis
816 2872 955 2936 loco
1001 2876 1230 2956 quovis
1289 2877 1354 2937 T
1388 2877 1731 2960 contingat,
1767 2876 1959 2959 inque
2005 2877 2124 2939 hac
2169 2888 2474 2960 tangente
2517 2875 2583 2936 T
2588 2874 2667 2936 X

157 2971 441 3051 capiatur
507 2973 572 3032 T
591 2974 657 3032 Υ
700 2974 962 3054 aequalis
1016 2977 1186 3038 arcui
1252 2978 1317 3038 T
1323 2979 1406 3040 R.
1529 2979 1703 3040 Nam
1756 2978 2092 3062 longitudo
2139 3000 2321 3040 arcus
2372 2975 2535 3039 illius
2583 2998 2665 3038 ex

157 3070 501 3154 figurarum
533 3074 949 3154 quadraturis
984 3098 1098 3157 per
1128 3078 1467 3141 methodos
1499 3078 1812 3163 vulgares,
1842 3080 2194 3142 innotescit.
2292 3078 2398 3140 De
2427 3090 2666 3160 puncto

166 3172 234 3233 Υ
270 3171 574 3234 educatur
626 3188 796 3236 recta
858 3177 924 3237 Υ
937 3177 1000 3238 Ζ
1050 3180 1334 3262 tangenti
1389 3180 1944 3262 perpendicularis
2041 3181 2298 3264 Agatur
2350 3180 2409 3242 C
2434 3180 2500 3241 T
2547 3199 2664 3260 per

159 3271 552 3353 pendiculari
604 3272 688 3335 illi
742 3298 1076 3340 occurrens
1126 3279 1189 3340 in
1239 3280 1315 3353 Z,
1366 3280 1427 3342 &
1472 3282 1592 3344 erit
1636 3283 1735 3344 vis
1783 3282 2136 3364 centripeta
2179 3278 2669 3364 proportionalis

159 3385 350 3434 rectae
393 3373 539 3436 TZ.
639 3375 710 3451 Q.
732 3377 814 3438 E.
840 3378 897 3438 J.

280 3473 452 3535 Nam
501 3475 553 3536 si
603 3475 716 3549 viS,
752 3498 879 3558 qua
923 3499 1150 3558 corpus
1197 3479 1466 3542 trahitur
1509 3480 1591 3543 de
1649 3482 1715 3543 T
1762 3504 1986 3544 versus
2038 3482 2105 3555 C,
2153 3494 2512 3563 exponatur
2554 3502 2671 3562 per

159 3586 397 3635 rectam
440 3575 506 3636 T
511 3575 576 3636 Z
617 3589 867 3658 captam
900 3577 1017 3658 ipsi
1050 3578 1607 3659 proportionalem,
1639 3581 1993 3644 resolvetur
2022 3583 2160 3645 haec
2202 3583 2265 3644 in
2296 3582 2465 3644 vires
2508 3582 2575 3644 T
2591 3582 2665 3654 Υ,

169 3676 239 3737 Υ
244 3675 310 3736 Ζ
323 3702 350 3749 ,·
394 3697 660 3757 quarum
703 3678 771 3737 Υ
777 3678 842 3738 Ζ
870 3676 1182 3740 trahendo
1213 3700 1440 3760 corpus
1472 3681 1822 3743 secundum
1859 3681 2323 3767 longitudinem
2370 3682 2456 3745 fili
2499 3683 2566 3745 P
2595 3682 2666 3756 T,

160 3788 405 3840 motum
454 3776 591 3859 ejus
638 3774 723 3837 nil
770 3790 989 3850 mutat,
1038 3778 1136 3840 vis
1181 3791 1395 3840 autem
1441 3778 1640 3841 altera
1696 3781 1761 3841 T
1779 3783 1846 3843 Υ
1882 3797 2127 3845 motum
2173 3785 2311 3868 ejus
2360 3784 2424 3846 in
2474 3804 2670 3846 curva

162 3875 221 3937 S
246 3875 312 3937 Τ
317 3875 386 3938 R
406 3876 466 3952 Q
519 3875 758 3939 directe
805 3874 1114 3941 accelerat
1159 3876 1263 3940 vel
1316 3878 1555 3942 directe
1608 3882 1902 3946 retardat.
2002 3884 2280 3948 Proinde
2331 3906 2476 3948 cum
2530 3883 2668 3947 haec
