2852 4250
454 0 785 54 ψ
861 0 1027 24 ν
1217 0 1226 14 “
1285 44 1302 52 ,

934 65 970 144 ·.
1007 154 1010 157 .
1021 78 1258 155 LIBER
1293 100 1432 155 SEc
1440 98 1602 169 mm
1610 101 1708 152 US.
2329 148 2351 158 -
2451 104 2568 178 383

398 59 402 62 ·
436 51 523 67 ..mv

222 99 227 102 .
252 76 366 107 ,κζ-ἰζ
391 86 422 102 -a.
446 92 465 95 ψ
607 99 611 102 .

233 107 348 142 4,)ξ,-·
391 120 414 129 -.,
431 111 436 113 -
515 131 521 135 -
583 107 586 109 >

241 165 257 180 .,
301 152 354 174 ..μ
406 131 446 172 53.

255 273 534 352 utrisque
572 288 760 349 quam
789 266 1260 345 accuratissime,
1291 277 1614 344 quatenus·
1641 261 2107 322 observationes
2150 263 2573 325 astronomicae

189 447 193 449 Α
290 390 445 433 enus
473 365 819 448 prodidere.
914 363 1192 442 Ideoque
1221 363 1274 422 si
1317 360 1586 441 planetae
1615 356 1699 418 illi
1739 379 1778 417 a
1805 357 2140 417 vorticibus
2169 357 2327 416 circa
2361 358 2575 437 jovem

114 509 120 518 -
152 464 215 533 ἃ
241 466 437 531 solem
481 461 945 525 revolventibus
975 459 1346 528 deferantur,
1378 456 1697 517 debebunt
1725 455 1912 514 etiam
1955 452 2019 512 hi
2062 453 2327 519 vortices
2358 454 2578 514 eadem

61 583 88 618 .’
151 565 294 647 lege
322 559 575 624 revolvi.
666 558 905 617 Verum
949 568 1232 633 tempora
1274 552 1588 632 periodica
1630 551 1896 630 partium
1931 540 2180 609 vorticis
2224 549 2583 627 prodierunt

62 719 68 747 ζ
153 665 216 726 in
275 654 511 722 ratione
568 655 882 734 duplicata
938 650 1368 711 distantiarum
1425 671 1464 708 a
1520 660 1733 708 centro
1790 659 2033 707 motus:
2107 667 2308 725 neque
2380 659 2604 725 potest-

154 759 312 821 ratio
369 755 473 816 illa
524 751 787 837 diminui
847 749 908 810 &
965 748 1047 807 ad
1112 747 1412 807 rationem
1470 744 1968 824 sesquiplicatam
2027 743 2251 815 reduci,
2312 744 2427 803 nisi
2484 739 2584 804 vel

72 899 121 930 --‚
154 854 413 917 materia
440 850 692 912 vorticis
735 868 812 908 eo
856 845 1102 904 fluidior
1146 844 1227 903 sit
1269 864 1395 922 quo
1438 841 1682 923 longius
1726 842 1916 901 distat
1953 863 1991 900 a
2036 854 2264 915 centro,
2295 840 2396 902 vel
2441 843 2585 901 resi-

77 953 81 957 ’
155 951 399 1022 stentia‚
452 968 596 1028 quae
646 945 840 1006 oritur
889 963 976 1022 ex*
1019 940 1264 1001 defectu
1316 939 1675 999 lubricitatis
1726 939 1991 1018 partium
2043 939 2229 1010 fluidi,
2283 961 2357 999 ex
2412 952 2588 999 aucta

67 1068 71 1074 ·
155 1048 485 1112 velocitate
514 1065 639 1125 qua
681 1055 888 1123 partes
926 1037 1096 1098 fluidi
1127 1050 1492 1116 separantur
1519 1037 1598 1096 ab
1630 1037 1909 1108 invicem,
1943 1050 2241 1117 augeatur
2284 1038 2344 1096 in
2375 1038 2588 1117 majori

158 1146 397 1208 ratione
455 1162 644 1223 quam
702 1161 778 1200 ea
834 1150 932 1198 est
989 1136 1051 1195 in
1111 1155 1235 1213 qua
1291 1132 1587 1198 velocitas
1646 1145 1922 1213 augetur.
2043 1133 2325 1209 Quorum
2382 1146 2589 1194 tamen

66 1270 71 1296 J
160 1255 446 1304 neutrum
490 1237 711 1299 rationi
755 1245 1242 1296 consentaneum
1286 1230 1546 1290 videtur.
1658 1230 1871 1290 Partes
1915 1232 2241 1291 crassiores
2287 1231 2347 1291 ἃ
2390 1232 2591 1290 minus

161 1339 384 1411 fluidae,
445 1336 561 1397 nisi
625 1354 851 1416 graves
910 1331 1035 1390 sint
1107 1330 1168 1390 in
1234 1342 1528 1399 centrum,
1589 1328 2140 1387 circumferentiam
2213 1339 2459 1406 petent;
2535 1327 2595 1386 ἃ

75 1503 77 1506 Α
159 1433 494 1499 verisimile
523 1445 619 1494 est
649 1430 837 1511 quod,
870 1427 1111 1490 etiamsi
1143 1425 1740 1486 demonstrationum
1771 1426 1971 1506 gratia
2009 1425 2379 1503 hypothesin
2410 1422 2595 1483 talem

67 1582 69 1605 ς
162 1535 336 1597 initio
358 1530 647 1592 sectionis
667 1528 849 1608 hujus
869 1525 1313 1606 proposuerim,
1335 1536 1404 1583 ut
1426 1523 1774 1583 resistentia
1796 1521 2106 1582 velocitati
2130 1521 2599 1600 proportionalis

71 1651 95 1710 j-
162 1629 344 1703 esset,
376 1643 586 1691 tamen
631 1624 982 1687 resistentia
1026 1623 1087 1682 in
1133 1621 1354 1681 minori
1399 1620 1479 1679 sit
1522 1620 1759 1679 ratione
1790 1640 1976 1698 quam
2013 1640 2089 1679 ea
2108 1618 2459 1679 velocitatis
2490 1631 2596 1679 est.

71 1726 74 1731 ⁸
166 1730 311 1810 Quo
361 1747 674 1799 conceSSO,
729 1737 1012 1802 tempora
1062 1718 1376 1799 periodica
1427 1717 1693 1796 partium
1744 1717 1994 1777 vorticis
2044 1730 2223 1777 erunt
2274 1717 2354 1775 in-
2387 1717 2601 1796 majori

67 1823 74 1827 ⁴
165 1849 353 1909 quam
411 1823 725 1905 duplicata
781 1822 1018 1882 ratione
1076 1817 1506 1877 distantiarum
1575 1815 1654 1875 ab
1728 1816 1918 1894 ipsius
1972 1828 2197 1875 centro.
2299 1814 2486 1891 Quod
2552 1815 2602 1873 si

67 1933 75 1939 ’
166 1925 432 1987 vortices
472 1922 584 2005 (uti
614 1920 961 2001 aliquorum
992 1930 1088 1978 est
1117 1913 1352 1995 opinio)
1401 1912 1657 1973 celerius
1689 1925 2056 1973 moveantur
2084 1933 2277 1991 prope
2308 1925 2599 1981 centrum,

44 2013 64 2074 ,¹
167 2023 312 2084 dein
365 2022 600 2083 tardius
651 2040 851 2099 usque
909 2017 989 2076 ad
1049 2027 1284 2075 certum
1344 2011 1618 2085 limitem,
1674 2024 1805 2070 tum
1864 2010 2069 2070 denuo
2122 2009 2375 2069 celerius
2425 2011 2604 2089 juxta

68 2144 75 2186 ;
169 2118 755 2193 circumferentiam;
832 2128 998 2176 certe
1050 2134 1165 2173 nec
1222 2112 1379 2171 ratio
1447 2108 1882 2188 sesquiplicata
1940 2129 2142 2186 neque
2200 2106 2317 2166 alia
2368 2107 2604 2185 quaevis

67 2221 74 2251 ³
106 2260 111 2265 -
169 2231 336 2280 certa
364 2238 436 2277 ac
465 2215 875 2277 determinata
903 2213 1184 2274 obtinere
1227 2221 1448 2290 potest.
1542 2207 1831 2267 Viderint
1860 2207 2067 2284 itaque
2102 2203 2450 2283 philosophi
2482 2225 2605 2283 quo

171 2328 354 2397 pacto
398 2314 854 2395 phaenomenon
901 2310 1049 2371 illud
1097 2309 1348 2369 rationis
1390 2305 1840 2386 sesquiplicatae
1887 2325 1998 2383 per
2026 2302 2288 2363 vortices
2319 2301 2606 2381 explicari

173 2413 384 2495 possit.

446 2578 1072 2641 PROPOSITIO
1139 2577 1350 2636 LIII.
1489 2569 2080 2632 THEOREMA
2147 2568 2347 2627 XLI.

183 2766 470 2846 Corpora,
530 2785 665 2845 quae
717 2764 787 2824 in
857 2762 1078 2823 vortice
1144 2759 1346 2820 delata
1414 2758 1485 2817 in
1555 2757 1752 2816 orbem
1822 2753 2087 2826 redeunt,
2146 2749 2401 2829 ejusdem
2470 2756 2617 2807 sunt

289 2863 604 2924 densitatis
688 2883 826 2922 cum
910 2860 1144 2932 vortice,
1225 2859 1306 2921 ὣ*
1376 2855 1572 2915 eadem
1658 2854 1778 2932 lege
1845 2872 1980 2910 cum
2064 2848 2256 2927 ipsius
2325 2846 2617 2925 partibus

290 2960 497 3042 quoad
545 2959 911 3020 velocitatem
973 2959 1054 3022 ὦ*
1110 2977 1325 3016 cursus
1380 2951 1935 3012 determinationem
1992 2953 2323 3006 moventur.

298 3201 469 3260 Nam
516 3199 568 3259 si
614 3198 867 3259 vorticis
915 3216 1057 3276 pars
1105 3193 1312 3273 aliqua
1358 3192 1599 3272 exigua,
1649 3190 1821 3270 cujus
1873 3184 2186 3266 particulae
2233 3206 2340 3244 seu
2393 3173 2618 3261 puncta

184 3298 442 3379 physica
486 3297 701 3357 datum
747 3307 1002 3356 servant
1051 3293 1238 3352 situm
1292 3291 1451 3349 inter
1500 3310 1584 3358 se,
1635 3283 1944 3366 congelari
1996 3295 2411 3362 supponatur;
2466 3280 2613 3351 haee,

93 3406 100 3425 ²
186 3396 479 3477 quoniam
525 3415 729 3474 neque
773 3392 980 3472 quoad
1033 3390 1405 3451 densitatem
1450 3407 1642 3455 suam,
1690 3404 1893 3462 neque
1938 3381 2145 3460 quoad
2196 3380 2323 3438 vim
2376 3378 2616 3436 insitam

91 3565 94 3572 Ι
186 3506 294 3554 aut
321 3493 789 3575 figuramsuam
821 3502 1108 3562 mutatur,
1139 3486 1491 3547 movebitur
1519 3483 1738 3544 eadem
1769 3480 1908 3560 lege
1938 3501 2008 3538 ac
2048 3479 2215 3557 prius
2244 3499 2255 3536 :
2303 3475 2362 3535 8c
2392 3487 2614 3543 contra,

187 3591 240 3651 si
268 3590 519 3651 vorticis
563 3610 706 3669 pars
737 3585 1062 3667 congelata
1107 3584 1167 3644 &
1197 3582 1396 3644 solida
1425 3581 1705 3662 ejusdem
1742 3579 1822 3638 sit
1850 3574 2171 3636 densitatis
2203 3593 2340 3631 cum
2385 3569 2617 3648 reliquo

189 3687 438 3759 vortice,
493 3686 554 3746 &
612 3683 957 3745 resolvatur
1014 3683 1076 3741 in
1134 3680 1426 3751 fluidum;
1486 3675 1839 3737 movebitur
1895 3673 2028 3733 haec
2085 3670 2303 3730 eadem
2360 3666 2497 3747 lege
2548 3688 2618 3725 ac

96 3815 107 3860 ᾗ
191 3783 376 3863 priuS,
437 3784 553 3844 nisi
613 3794 919 3862 quatenus
979 3779 1171 3858 ipsius
1229 3774 1543 3856 particulae
1594 3774 1725 3853 jam
1771 3771 1975 3830 fluidae
2020 3768 2196 3826 factae
2255 3775 2619 3823 moveantur
