<?xml version="1.0" encoding="UTF-8"?>
<!DOCTYPE html PUBLIC "-//W3C//DTD XHTML 1.0 Transitional//EN"
    "http://www.w3.org/TR/xhtml1/DTD/xhtml1-transitional.dtd">
<html xmlns="http://www.w3.org/1999/xhtml" xml:lang="en" lang="en">
 <head>
  <title>
</title>
<meta http-equiv="Content-Type" content="text/html;charset=utf-8" />
  <meta name='ocr-system' content='tesseract 3.04.00' />
  <meta name='ocr-capabilities' content='ocr_page ocr_carea ocr_par ocr_line ocrx_word'/>
</head>
<body>
  <div class='ocr_page' id='page_1' title='image "./principia00newtuoft/principia00newtuoft_0468.png"; bbox 0 0 2852 4250; ppageno 0'>
   <div class='ocr_carea' id='block_1_1' title="bbox 2500 0 2777 207">
    <p class='ocr_par' dir='ltr' id='par_1_1' title="bbox 2500 0 2777 207">
     <span class='ocr_line' id='line_1_1' title="bbox 2500 0 2629 18; baseline 0.008 -1"><span class='ocrx_word' id='word_1_1' title='bbox 2500 0 2523 13; x_wconf 55' lang='lat'><strong>‘«</strong></span> <span class='ocrx_word' id='word_1_2' title='bbox 2544 0 2552 4; x_wconf 78' lang='lat'><em>⁷</em></span> <span class='ocrx_word' id='word_1_3' title='bbox 2593 0 2629 18; x_wconf 48' lang='lat'><strong>³--</strong></span> 
     </span>
     <span class='ocr_line' id='line_1_2' title="bbox 2686 74 2708 85; baseline 0 0"><span class='ocrx_word' id='word_1_4' title='bbox 2686 74 2708 85; x_wconf 58' lang='lat' dir='ltr'><strong>&#39;b</strong></span> 
     </span>
     <span class='ocr_line' id='line_1_3' title="bbox 2732 155 2776 178; baseline 0 0"><span class='ocrx_word' id='word_1_5' title='bbox 2732 174 2735 178; x_wconf 63' lang='grc'><em>,</em></span> <span class='ocrx_word' id='word_1_6' title='bbox 2746 155 2751 160; x_wconf 53' lang='grc'><strong><em>’</em></strong></span> <span class='ocrx_word' id='word_1_7' title='bbox 2764 167 2776 174; x_wconf 75' lang='lat'><em>⁴</em></span> 
     </span>
     <span class='ocr_line' id='line_1_4' title="bbox 2757 189 2777 207; baseline 0 -3"><span class='ocrx_word' id='word_1_8' title='bbox 2757 189 2777 207; x_wconf 77' lang='grc' dir='ltr'><strong>,Γ</strong></span> 
     </span>
    </p>
   </div>
   <div class='ocr_carea' id='block_1_2' title="bbox 133 279 2843 2703">
    <p class='ocr_par' dir='ltr' id='par_1_2' title="bbox 133 279 2843 2703">
     <span class='ocr_line' id='line_1_5' title="bbox 170 279 2792 370; baseline 0.01 -27"><span class='ocrx_word' id='word_1_9' title='bbox 170 279 370 344; x_wconf 90' lang='lat' dir='ltr'><strong>altera</strong></span> <span class='ocrx_word' id='word_1_10' title='bbox 416 295 597 365; x_wconf 89' lang='lat' dir='ltr'><strong>parte</strong></span> <span class='ocrx_word' id='word_1_11' title='bbox 650 285 1028 367; x_wconf 85' lang='lat' dir='ltr'><strong>aequatoris;</strong></span> <span class='ocrx_word' id='word_1_12' title='bbox 1074 284 1136 348; x_wconf 88' lang='lat' dir='ltr'><em>L</em></span> <span class='ocrx_word' id='word_1_13' title='bbox 1182 285 1392 368; x_wconf 92' lang='lat' dir='ltr'><strong>locum</strong></span> <span class='ocrx_word' id='word_1_14' title='bbox 1424 309 1616 370; x_wconf 91' lang='lat' dir='ltr'><strong>quem</strong></span> <span class='ocrx_word' id='word_1_15' title='bbox 1649 287 1800 352; x_wconf 91' lang='lat' dir='ltr'><strong>luna</strong></span> <span class='ocrx_word' id='word_1_16' title='bbox 1844 291 2045 356; x_wconf 87' lang='lat' dir='ltr'><strong>tribus</strong></span> <span class='ocrx_word' id='word_1_17' title='bbox 2089 309 2240 360; x_wconf 89' lang='lat' dir='ltr'><strong>ante</strong></span> <span class='ocrx_word' id='word_1_18' title='bbox 2285 296 2456 363; x_wconf 91' lang='lat' dir='ltr'><strong>horis</strong></span> <span class='ocrx_word' id='word_1_19' title='bbox 2500 323 2691 370; x_wconf 58' lang='lat' dir='ltr'><strong>occu-o.</strong></span> <span class='ocrx_word' id='word_1_20' title='bbox 2759 296 2792 338; x_wconf 65' lang='lat' dir='ltr'><em>ss</em></span> 
     </span>
     <span class='ocr_line' id='line_1_6' title="bbox 168 382 2796 479; baseline 0.01 -36"><span class='ocrx_word' id='word_1_21' title='bbox 168 382 407 463; x_wconf 86' lang='lat' dir='ltr'><strong>pabat;</strong></span> <span class='ocrx_word' id='word_1_22' title='bbox 472 382 563 446; x_wconf 89' lang='lat' dir='ltr'><em>H</em></span> <span class='ocrx_word' id='word_1_23' title='bbox 599 382 808 447; x_wconf 92' lang='lat' dir='ltr'><strong>locum</strong></span> <span class='ocrx_word' id='word_1_24' title='bbox 862 385 1102 448; x_wconf 91' lang='lat' dir='ltr'><strong>telluris</strong></span> <span class='ocrx_word' id='word_1_25' title='bbox 1151 387 1208 450; x_wconf 91' lang='lat' dir='ltr'><strong>ei</strong></span> <span class='ocrx_word' id='word_1_26' title='bbox 1262 388 1872 470; x_wconf 86' lang='lat' dir='ltr'><strong>perpendiculariter</strong></span> <span class='ocrx_word' id='word_1_27' title='bbox 1917 394 2314 479; x_wconf 88' lang='lat' dir='ltr'><strong>subjectum;</strong></span> <span class='ocrx_word' id='word_1_28' title='bbox 2380 400 2425 463; x_wconf 72' lang='lat' dir='ltr'><em>h</em></span> <span class='ocrx_word' id='word_1_29' title='bbox 2475 399 2688 468; x_wconf 87' lang='lat' dir='ltr'><strong>locum</strong></span> <span class='ocrx_word' id='word_1_30' title='bbox 2793 422 2796 467; x_wconf 81' lang='grc' dir='ltr'>ζ</span> 
     </span>
     <span class='ocr_line' id='line_1_7' title="bbox 164 483 2686 575; baseline 0.01 -30"><span class='ocrx_word' id='word_1_31' title='bbox 164 483 310 546; x_wconf 92' lang='lat' dir='ltr'><strong>huic</strong></span> <span class='ocrx_word' id='word_1_32' title='bbox 340 486 706 567; x_wconf 90' lang='lat' dir='ltr'><strong>oppositum</strong></span> <span class='ocrx_word' id='word_1_33' title='bbox 730 509 743 560; x_wconf 88' lang='grc'><strong>;</strong></span> <span class='ocrx_word' id='word_1_34' title='bbox 788 488 878 561; x_wconf 90' lang='lat' dir='ltr'><strong>K,</strong></span> <span class='ocrx_word' id='word_1_35' title='bbox 903 489 947 549; x_wconf 76' lang='lat' dir='ltr'><strong>k·</strong></span> <span class='ocrx_word' id='word_1_36' title='bbox 976 486 1115 551; x_wconf 92' lang='lat' dir='ltr'><strong>loca</strong></span> <span class='ocrx_word' id='word_1_37' title='bbox 1139 489 1288 551; x_wconf 93' lang='lat' dir='ltr'><strong>inde</strong></span> <span class='ocrx_word' id='word_1_38' title='bbox 1317 490 1623 573; x_wconf 88' lang='lat' dir='ltr'><strong>gradibus</strong></span> <span class='ocrx_word' id='word_1_39' title='bbox 1654 513 1738 571; x_wconf 90' lang='lat'><strong>90</strong></span> <span class='ocrx_word' id='word_1_40' title='bbox 1762 493 2102 574; x_wconf 89' lang='lat' dir='ltr'><strong>distantia;</strong></span> <span class='ocrx_word' id='word_1_41' title='bbox 2141 499 2201 562; x_wconf 84' lang='lat' dir='ltr'><em>C</em></span> <span class='ocrx_word' id='word_1_42' title='bbox 2215 501 2310 575; x_wconf 88' lang='lat' dir='ltr'><strong>H,</strong></span> <span class='ocrx_word' id='word_1_43' title='bbox 2349 503 2408 565; x_wconf 86' lang='lat' dir='ltr'><em>C</em></span> <span class='ocrx_word' id='word_1_44' title='bbox 2417 503 2462 565; x_wconf 71' lang='lat' dir='ltr'><em>h</em></span> <span class='ocrx_word' id='word_1_45' title='bbox 2493 506 2686 570; x_wconf 89' lang='lat' dir='ltr'><strong>maris</strong></span> 
     </span>
     <span class='ocr_line' id='line_1_8' title="bbox 165 581 2683 676; baseline 0.01 -32"><span class='ocrx_word' id='word_1_46' title='bbox 165 581 532 648; x_wconf 83' lang='lat' dir='ltr'><strong>altitudines</strong></span> <span class='ocrx_word' id='word_1_47' title='bbox 578 586 890 648; x_wconf 87' lang='lat' dir='ltr'><strong>maximas</strong></span> <span class='ocrx_word' id='word_1_48' title='bbox 937 601 1335 650; x_wconf 90' lang='lat' dir='ltr'><strong>mensuratas</strong></span> <span class='ocrx_word' id='word_1_49' title='bbox 1380 611 1419 651; x_wconf 91' lang='lat' dir='ltr'><strong>a</strong></span> <span class='ocrx_word' id='word_1_50' title='bbox 1464 604 1685 655; x_wconf 90' lang='lat' dir='ltr'><strong>centro</strong></span> <span class='ocrx_word' id='word_1_51' title='bbox 1730 592 2011 672; x_wconf 90' lang='lat' dir='ltr'><strong>telluris;</strong></span> <span class='ocrx_word' id='word_1_52' title='bbox 2067 597 2131 660; x_wconf 86' lang='lat'>&amp;</span> <span class='ocrx_word' id='word_1_53' title='bbox 2179 600 2347 676; x_wconf 85' lang='lat' dir='ltr'><strong>CK,</strong></span> <span class='ocrx_word' id='word_1_54' title='bbox 2386 602 2446 666; x_wconf 87' lang='lat' dir='ltr'><em>C</em></span> <span class='ocrx_word' id='word_1_55' title='bbox 2457 604 2502 666; x_wconf 78' lang='lat' dir='ltr'><em>k</em></span> <span class='ocrx_word' id='word_1_56' title='bbox 2544 605 2683 670; x_wconf 90' lang='lat' dir='ltr'><strong>alti-</strong></span> 
     </span>
     <span class='ocr_line' id='line_1_9' title="bbox 165 683 2683 783; baseline 0.011 -39"><span class='ocrx_word' id='word_1_57' title='bbox 165 683 418 747; x_wconf 89' lang='lat' dir='ltr'><strong>tudines</strong></span> <span class='ocrx_word' id='word_1_58' title='bbox 467 685 803 749; x_wconf 90' lang='lat' dir='ltr'><strong>minimas:</strong></span> <span class='ocrx_word' id='word_1_59' title='bbox 852 686 914 748; x_wconf 85' lang='lat'>&amp;</span> <span class='ocrx_word' id='word_1_60' title='bbox 958 688 1011 749; x_wconf 91' lang='lat' dir='ltr'><strong>si</strong></span> <span class='ocrx_word' id='word_1_61' title='bbox 1057 684 1284 750; x_wconf 88' lang='lat' dir='ltr'><strong>axibus</strong></span> <span class='ocrx_word' id='word_1_62' title='bbox 1331 689 1420 750; x_wconf 90' lang='lat' dir='ltr'><em>H</em></span> <span class='ocrx_word' id='word_1_63' title='bbox 1425 690 1484 763; x_wconf 72' lang='lat' dir='ltr'><strong>lc,</strong></span> <span class='ocrx_word' id='word_1_64' title='bbox 1533 691 1616 752; x_wconf 84' lang='lat' dir='ltr'><em>K</em></span> <span class='ocrx_word' id='word_1_65' title='bbox 1629 692 1673 752; x_wconf 76' lang='lat' dir='ltr'><em>k</em></span> <span class='ocrx_word' id='word_1_66' title='bbox 1716 691 2112 759; x_wconf 85' lang='lat' dir='ltr'><strong>describatur</strong></span> <span class='ocrx_word' id='word_1_67' title='bbox 2154 698 2408 783; x_wconf 83' lang='lat' dir='ltr'><strong>ellipsis,</strong></span> <span class='ocrx_word' id='word_1_68' title='bbox 2448 704 2683 771; x_wconf 90' lang='lat' dir='ltr'><strong>deinde</strong></span> 
     </span>
     <span class='ocr_line' id='line_1_10' title="bbox 162 784 2682 890; baseline 0.011 -44"><span class='ocrx_word' id='word_1_69' title='bbox 162 784 457 868; x_wconf 91' lang='lat' dir='ltr'><strong>ellipseos</strong></span> <span class='ocrx_word' id='word_1_70' title='bbox 489 787 674 870; x_wconf 89' lang='lat' dir='ltr'><strong>hujus</strong></span> <span class='ocrx_word' id='word_1_71' title='bbox 700 787 1097 851; x_wconf 88' lang='lat' dir='ltr'><strong>revolutione</strong></span> <span class='ocrx_word' id='word_1_72' title='bbox 1128 790 1292 852; x_wconf 92' lang='lat' dir='ltr'><strong>circa</strong></span> <span class='ocrx_word' id='word_1_73' title='bbox 1322 813 1510 854; x_wconf 82' lang='lat' dir='ltr'><strong>axem</strong></span> <span class='ocrx_word' id='word_1_74' title='bbox 1543 795 1849 878; x_wconf 84' lang='lat' dir='ltr'><strong>majorem</strong></span> <span class='ocrx_word' id='word_1_75' title='bbox 1880 799 1971 860; x_wconf 93' lang='lat' dir='ltr'><em>H</em></span> <span class='ocrx_word' id='word_1_76' title='bbox 1979 799 2021 862; x_wconf 74' lang='lat' dir='ltr'><em>h</em></span> <span class='ocrx_word' id='word_1_77' title='bbox 2051 800 2447 868; x_wconf 87' lang='lat' dir='ltr'><strong>describatur</strong></span> <span class='ocrx_word' id='word_1_78' title='bbox 2475 807 2682 890; x_wconf 86' lang='lat' dir='ltr'><strong>sphae-</strong></span> 
     </span>
     <span class='ocr_line' id='line_1_11' title="bbox 162 886 1991 987; baseline 0.005 -40"><span class='ocrx_word' id='word_1_79' title='bbox 162 887 286 949; x_wconf 89' lang='lat' dir='ltr'><strong>rois</strong></span> <span class='ocrx_word' id='word_1_80' title='bbox 333 886 423 948; x_wconf 93' lang='lat' dir='ltr'><em>H</em></span> <span class='ocrx_word' id='word_1_81' title='bbox 430 889 496 948; x_wconf 82' lang='lat' dir='ltr'><em>P</em></span> <span class='ocrx_word' id='word_1_82' title='bbox 515 888 599 949; x_wconf 87' lang='lat' dir='ltr'><em>K</em></span> <span class='ocrx_word' id='word_1_83' title='bbox 609 889 823 969; x_wconf 46' lang='lat' dir='ltr'><strong>lapkq</strong></span> <span class='ocrx_word' id='word_1_84' title='bbox 881 890 1247 973; x_wconf 85' lang='lat' dir='ltr'><strong>designabit</strong></span> <span class='ocrx_word' id='word_1_85' title='bbox 1825 938 1869 979; x_wconf 79' lang='lat' dir='ltr'>R</span> <span class='ocrx_word' id='word_1_86' title='bbox 1953 946 1991 987; x_wconf 80' lang='lat' dir='ltr'>N</span> 
     </span>
     <span class='ocr_line' id='line_1_12' title="bbox 160 987 1968 1073; baseline 0.007 -25"><span class='ocrx_word' id='word_1_87' title='bbox 160 987 297 1049; x_wconf 82' lang='lat' dir='ltr'><strong>haec</strong></span> <span class='ocrx_word' id='word_1_88' title='bbox 321 987 590 1071; x_wconf 90' lang='lat' dir='ltr'><strong>figuram</strong></span> <span class='ocrx_word' id='word_1_89' title='bbox 616 990 806 1052; x_wconf 92' lang='lat' dir='ltr'><strong>maris</strong></span> <span class='ocrx_word' id='word_1_90' title='bbox 828 1012 1022 1073; x_wconf 90' lang='lat' dir='ltr'><strong>quam</strong></span> <span class='ocrx_word' id='word_1_91' title='bbox 1049 1014 1241 1073; x_wconf 86' lang='lat' dir='ltr'><strong>prox·</strong></span> <span class='ocrx_word' id='word_1_92' title='bbox 1963 1017 1968 1038; x_wconf 82' lang='lat'>²</span> 
     </span>
     <span class='ocr_line' id='line_1_13' title="bbox 160 1086 1238 1173; baseline 0.009 -27"><span class='ocrx_word' id='word_1_93' title='bbox 160 1086 299 1160; x_wconf 91' lang='lat' dir='ltr'><strong>ime,</strong></span> <span class='ocrx_word' id='word_1_94' title='bbox 353 1087 413 1148; x_wconf 68' lang='grc' dir='ltr'>ἃ</span> <span class='ocrx_word' id='word_1_95' title='bbox 459 1101 646 1151; x_wconf 92' lang='lat' dir='ltr'><strong>erunt</strong></span> <span class='ocrx_word' id='word_1_96' title='bbox 697 1090 843 1164; x_wconf 84' lang='lat' dir='ltr'><strong>CF,</strong></span> <span class='ocrx_word' id='word_1_97' title='bbox 899 1091 1022 1173; x_wconf 80' lang='lat' dir='ltr'><strong>Cf,</strong></span> <span class='ocrx_word' id='word_1_98' title='bbox 1076 1093 1238 1167; x_wconf 85' lang='lat' dir='ltr'><strong>CD,</strong></span> 
     </span>
     <span class='ocr_line' id='line_1_14' title="bbox 163 1186 1240 1256; baseline 0.008 -9"><span class='ocrx_word' id='word_1_99' title='bbox 163 1186 281 1248; x_wconf 69' lang='lat' dir='ltr'><strong>Cel</strong></span> <span class='ocrx_word' id='word_1_100' title='bbox 317 1186 685 1252; x_wconf 89' lang='lat' dir='ltr'><strong>altitudines</strong></span> <span class='ocrx_word' id='word_1_101' title='bbox 732 1191 924 1253; x_wconf 88' lang='lat' dir='ltr'><strong>maris</strong></span> <span class='ocrx_word' id='word_1_102' title='bbox 976 1193 1039 1253; x_wconf 91' lang='lat' dir='ltr'><strong>in</strong></span> <span class='ocrx_word' id='word_1_103' title='bbox 1087 1192 1240 1256; x_wconf 91' lang='lat' dir='ltr'><strong>locis</strong></span> 
     </span>
     <span class='ocr_line' id='line_1_15' title="bbox 156 1286 1315 1377; baseline 0.01 -32"><span class='ocrx_word' id='word_1_104' title='bbox 156 1287 231 1359; x_wconf 76' lang='lat' dir='ltr'><strong>F,</strong></span> <span class='ocrx_word' id='word_1_105' title='bbox 262 1286 330 1366; x_wconf 92' lang='lat' dir='ltr'><strong>f,</strong></span> <span class='ocrx_word' id='word_1_106' title='bbox 379 1289 466 1362; x_wconf 82' lang='lat' dir='ltr'><strong>D,</strong></span> <span class='ocrx_word' id='word_1_107' title='bbox 500 1289 556 1352; x_wconf 80' lang='lat' dir='ltr'><strong>d.</strong></span> <span class='ocrx_word' id='word_1_108' title='bbox 653 1290 1027 1370; x_wconf 76' lang='lat' dir='ltr'><strong>Quinetiam</strong></span> <span class='ocrx_word' id='word_1_109' title='bbox 1074 1295 1127 1356; x_wconf 90' lang='lat' dir='ltr'><strong>si</strong></span> <span class='ocrx_word' id='word_1_110' title='bbox 1176 1296 1238 1356; x_wconf 92' lang='lat' dir='ltr'><strong>in</strong></span> <span class='ocrx_word' id='word_1_111' title='bbox 1273 1318 1315 1377; x_wconf 64' lang='lat' dir='ltr'><strong>f,</strong></span> 
     </span>
     <span class='ocr_line' id='line_1_16' title="bbox 153 1387 1239 1472; baseline 0.01 -24"><span class='ocrx_word' id='word_1_112' title='bbox 153 1387 419 1468; x_wconf 85' lang='lat' dir='ltr'><strong>praefata</strong></span> <span class='ocrx_word' id='word_1_113' title='bbox 478 1389 777 1472; x_wconf 91' lang='lat' dir='ltr'><strong>ellipseos</strong></span> <span class='ocrx_word' id='word_1_114' title='bbox 840 1394 1239 1459; x_wconf 87' lang='lat' dir='ltr'><strong>revolutione</strong></span> 
     </span>
     <span class='ocr_line' id='line_1_17' title="bbox 151 1493 1239 1574; baseline 0.01 -26"><span class='ocrx_word' id='word_1_115' title='bbox 151 1503 457 1569; x_wconf 90' lang='lat' dir='ltr'><strong>punctum</strong></span> <span class='ocrx_word' id='word_1_116' title='bbox 491 1493 767 1574; x_wconf 89' lang='lat' dir='ltr'><strong>quodvis</strong></span> <span class='ocrx_word' id='word_1_117' title='bbox 806 1496 893 1556; x_wconf 94' lang='lat' dir='ltr'><em>N</em></span> <span class='ocrx_word' id='word_1_118' title='bbox 918 1496 1239 1559; x_wconf 89' lang='lat' dir='ltr'><strong>describat</strong></span> 
     </span>
     <span class='ocr_line' id='line_1_18' title="bbox 149 1589 1232 1680; baseline 0.009 -30"><span class='ocrx_word' id='word_1_119' title='bbox 149 1589 448 1653; x_wconf 87' lang='lat' dir='ltr'><strong>circulum</strong></span> <span class='ocrx_word' id='word_1_120' title='bbox 497 1595 583 1654; x_wconf 89' lang='grc' dir='ltr'><em>Ν</em></span> <span class='ocrx_word' id='word_1_121' title='bbox 598 1596 698 1669; x_wconf 90' lang='lat' dir='ltr'><strong>M,</strong></span> <span class='ocrx_word' id='word_1_122' title='bbox 747 1611 1071 1660; x_wconf 88' lang='lat' dir='ltr'><strong>secantem</strong></span> <span class='ocrx_word' id='word_1_123' title='bbox 1123 1621 1232 1680; x_wconf 91' lang='lat' dir='ltr'><strong>pa-</strong></span> 
     </span>
     <span class='ocr_line' id='line_1_19' title="bbox 148 1689 1230 1783; baseline 0.013 -33"><span class='ocrx_word' id='word_1_124' title='bbox 148 1689 399 1754; x_wconf 88' lang='lat' dir='ltr'><strong>rallelos</strong></span> <span class='ocrx_word' id='word_1_125' title='bbox 445 1694 517 1754; x_wconf 86' lang='lat' dir='ltr'><em>F</em></span> <span class='ocrx_word' id='word_1_126' title='bbox 507 1695 574 1775; x_wconf 90' lang='lat' dir='ltr'><strong>f,</strong></span> <span class='ocrx_word' id='word_1_127' title='bbox 607 1697 748 1759; x_wconf 76' lang='lat' dir='ltr'><strong>Da&#39;</strong></span> <span class='ocrx_word' id='word_1_128' title='bbox 786 1699 848 1760; x_wconf 92' lang='lat' dir='ltr'><strong>in</strong></span> <span class='ocrx_word' id='word_1_129' title='bbox 893 1698 1047 1762; x_wconf 93' lang='lat' dir='ltr'><strong>locis</strong></span> <span class='ocrx_word' id='word_1_130' title='bbox 1095 1702 1230 1783; x_wconf 91' lang='lat' dir='ltr'><strong>qui-</strong></span> 
     </span>
     <span class='ocr_line' id='line_1_20' title="bbox 145 1790 1229 1882; baseline 0.011 -30"><span class='ocrx_word' id='word_1_131' title='bbox 145 1790 369 1855; x_wconf 91' lang='lat' dir='ltr'><strong>busvis</strong></span> <span class='ocrx_word' id='word_1_132' title='bbox 422 1797 508 1872; x_wconf 81' lang='lat' dir='ltr'><strong>R,</strong></span> <span class='ocrx_word' id='word_1_133' title='bbox 586 1798 654 1871; x_wconf 86' lang='lat' dir='ltr'><strong>T,</strong></span> <span class='ocrx_word' id='word_1_134' title='bbox 714 1798 775 1860; x_wconf 84' lang='lat'>&amp;</span> <span class='ocrx_word' id='word_1_135' title='bbox 836 1815 1229 1882; x_wconf 84' lang='lat' dir='ltr'><strong>aequatorem</strong></span> 
     </span>
     <span class='ocr_line' id='line_1_21' title="bbox 141 1892 2666 1991; baseline 0.011 -38"><span class='ocrx_word' id='word_1_136' title='bbox 141 1892 212 1952; x_wconf 85' lang='lat' dir='ltr'><em>A</em></span> <span class='ocrx_word' id='word_1_137' title='bbox 239 1894 310 1953; x_wconf 84' lang='lat' dir='ltr'><em>E</em></span> <span class='ocrx_word' id='word_1_138' title='bbox 336 1894 398 1955; x_wconf 93' lang='lat' dir='ltr'><strong>in</strong></span> <span class='ocrx_word' id='word_1_139' title='bbox 443 1897 539 1969; x_wconf 82' lang='lat' dir='ltr'><strong>S,·</strong></span> <span class='ocrx_word' id='word_1_140' title='bbox 583 1898 701 1960; x_wconf 93' lang='lat' dir='ltr'><strong>erit</strong></span> <span class='ocrx_word' id='word_1_141' title='bbox 738 1900 795 1961; x_wconf 83' lang='lat' dir='ltr'><em>C</em></span> <span class='ocrx_word' id='word_1_142' title='bbox 809 1900 895 1960; x_wconf 93' lang='lat' dir='ltr'><em>N</em></span> <span class='ocrx_word' id='word_1_143' title='bbox 920 1899 1191 1964; x_wconf 91' lang='lat' dir='ltr'><strong>altitudo</strong></span> <span class='ocrx_word' id='word_1_144' title='bbox 1222 1903 1415 1964; x_wconf 90' lang='lat' dir='ltr'><strong>maris</strong></span> <span class='ocrx_word' id='word_1_145' title='bbox 1448 1904 1510 1965; x_wconf 93' lang='lat' dir='ltr'><strong>in</strong></span> <span class='ocrx_word' id='word_1_146' title='bbox 1543 1903 1699 1968; x_wconf 90' lang='lat' dir='ltr'><strong>locis</strong></span> <span class='ocrx_word' id='word_1_147' title='bbox 1732 1909 2045 1984; x_wconf 92' lang='lat' dir='ltr'><strong>omnibus,</strong></span> <span class='ocrx_word' id='word_1_148' title='bbox 2078 1913 2165 1990; x_wconf 80' lang='lat' dir='ltr'><strong>R,</strong></span> <span class='ocrx_word' id='word_1_149' title='bbox 2201 1914 2271 1991; x_wconf 82' lang='lat' dir='ltr'><strong>S,</strong></span> <span class='ocrx_word' id='word_1_150' title='bbox 2315 1916 2384 1989; x_wconf 83' lang='lat' dir='ltr'><strong>T,</strong></span> <span class='ocrx_word' id='word_1_151' title='bbox 2418 1916 2555 1979; x_wconf 90' lang='lat' dir='ltr'><strong>sitis</strong></span> <span class='ocrx_word' id='word_1_152' title='bbox 2600 1916 2666 1980; x_wconf 91' lang='lat' dir='ltr'><strong>in</strong></span> 
     </span>
     <span class='ocr_line' id='line_1_22' title="bbox 142 1992 2669 2095; baseline 0.011 -42"><span class='ocrx_word' id='word_1_153' title='bbox 142 1992 262 2055; x_wconf 92' lang='lat' dir='ltr'><strong>hoc</strong></span> <span class='ocrx_word' id='word_1_154' title='bbox 294 1995 539 2061; x_wconf 81' lang='lat' dir='ltr'><strong>circulo,</strong></span> <span class='ocrx_word' id='word_1_155' title='bbox 639 1999 814 2061; x_wconf 89' lang='lat' dir='ltr'><strong>Hinc</strong></span> <span class='ocrx_word' id='word_1_156' title='bbox 836 2002 920 2085; x_wconf 56' lang='lat' dir='ltr'><strong>,in</strong></span> <span class='ocrx_word' id='word_1_157' title='bbox 970 2001 1368 2066; x_wconf 90' lang='lat' dir='ltr'><strong>revolutione</strong></span> <span class='ocrx_word' id='word_1_158' title='bbox 1402 2005 1631 2069; x_wconf 89' lang='lat' dir='ltr'><strong>diurna</strong></span> <span class='ocrx_word' id='word_1_159' title='bbox 1675 2006 1794 2071; x_wconf 92' lang='lat' dir='ltr'><strong>loci</strong></span> <span class='ocrx_word' id='word_1_160' title='bbox 1828 2012 2108 2095; x_wconf 90' lang='lat' dir='ltr'><strong>cujusvis</strong></span> <span class='ocrx_word' id='word_1_161' title='bbox 2139 2016 2211 2076; x_wconf 82' lang='lat' dir='ltr'><em>F</em></span> <span class='ocrx_word' id='word_1_162' title='bbox 2244 2017 2518 2080; x_wconf 85' lang='lat' dir='ltr'><strong>affluxus</strong></span> <span class='ocrx_word' id='word_1_163' title='bbox 2549 2019 2669 2082; x_wconf 91' lang='lat' dir='ltr'><strong>erit</strong></span> 
     </span>
     <span class='ocr_line' id='line_1_23' title="bbox 140 2096 2843 2207; baseline 0.013 -52"><span class='ocrx_word' id='word_1_164' title='bbox 140 2096 455 2159; x_wconf 85' lang='lat' dir='ltr'><strong>maximus</strong></span> <span class='ocrx_word' id='word_1_165' title='bbox 489 2099 551 2160; x_wconf 91' lang='lat' dir='ltr'><strong>in</strong></span> <span class='ocrx_word' id='word_1_166' title='bbox 583 2101 656 2161; x_wconf 90' lang='lat' dir='ltr'><em>F</em></span> <span class='ocrx_word' id='word_1_167' title='bbox 693 2101 850 2164; x_wconf 92' lang='lat' dir='ltr'><strong>hora</strong></span> <span class='ocrx_word' id='word_1_168' title='bbox 892 2106 1079 2166; x_wconf 91' lang='lat' dir='ltr'><strong>tertia</strong></span> <span class='ocrx_word' id='word_1_169' title='bbox 1109 2120 1257 2187; x_wconf 91' lang='lat' dir='ltr'><strong>post</strong></span> <span class='ocrx_word' id='word_1_170' title='bbox 1287 2108 1627 2191; x_wconf 90' lang='lat' dir='ltr'><strong>appulsum</strong></span> <span class='ocrx_word' id='word_1_171' title='bbox 1674 2110 1844 2177; x_wconf 72' lang='lat' dir='ltr'><strong>lunae</strong></span> <span class='ocrx_word' id='word_1_172' title='bbox 1874 2116 1957 2177; x_wconf 91' lang='lat' dir='ltr'><strong>ad</strong></span> <span class='ocrx_word' id='word_1_173' title='bbox 2005 2119 2426 2184; x_wconf 90' lang='lat' dir='ltr'><strong>meridianum</strong></span> <span class='ocrx_word' id='word_1_174' title='bbox 2472 2146 2666 2207; x_wconf 90' lang='lat' dir='ltr'><strong>supra</strong></span> <span class='ocrx_word' id='word_1_175' title='bbox 2801 2191 2803 2199; x_wconf 29' lang='lat'><strong>⁴</strong></span> <span class='ocrx_word' id='word_1_176' title='bbox 2838 2203 2843 2206; x_wconf 21' lang='grc' dir='ltr'>Ι</span> 
     </span>
     <span class='ocr_line' id='line_1_24' title="bbox 139 2197 2837 2305; baseline 0.013 -46"><span class='ocrx_word' id='word_1_177' title='bbox 139 2197 530 2263; x_wconf 88' lang='lat' dir='ltr'><strong>horizontem</strong></span> <span class='ocrx_word' id='word_1_178' title='bbox 561 2229 571 2277; x_wconf 90' lang='lat'>;</span> <span class='ocrx_word' id='word_1_179' title='bbox 619 2219 848 2285; x_wconf 90' lang='lat' dir='ltr'><strong>postea</strong></span> <span class='ocrx_word' id='word_1_180' title='bbox 879 2207 1174 2271; x_wconf 88' lang='lat' dir='ltr'><strong>defluxus</strong></span> <span class='ocrx_word' id='word_1_181' title='bbox 1215 2213 1531 2275; x_wconf 88' lang='lat' dir='ltr'><strong>maximus</strong></span> <span class='ocrx_word' id='word_1_182' title='bbox 1565 2215 1626 2276; x_wconf 93' lang='lat' dir='ltr'><strong>in</strong></span> <span class='ocrx_word' id='word_1_183' title='bbox 1663 2216 1722 2292; x_wconf 76' lang='lat' dir='ltr'><em>Q</em></span> <span class='ocrx_word' id='word_1_184' title='bbox 1770 2217 1928 2280; x_wconf 89' lang='lat' dir='ltr'><strong>hora</strong></span> <span class='ocrx_word' id='word_1_185' title='bbox 1959 2222 2146 2284; x_wconf 91' lang='lat' dir='ltr'><strong>tertia</strong></span> <span class='ocrx_word' id='word_1_186' title='bbox 2189 2238 2338 2305; x_wconf 91' lang='lat' dir='ltr'><strong>post</strong></span> <span class='ocrx_word' id='word_1_187' title='bbox 2367 2248 2663 2290; x_wconf 88' lang='lat' dir='ltr'><strong>occasum</strong></span> <span class='ocrx_word' id='word_1_188' title='bbox 2795 2217 2805 2294; x_wconf 70' lang='lat' dir='ltr'><strong>&#39;l</strong></span> <span class='ocrx_word' id='word_1_189' title='bbox 2835 2272 2837 2276; x_wconf 83' lang='lat'><em>.</em></span> 
     </span>
     <span class='ocr_line' id='line_1_25' title="bbox 134 2299 2660 2408; baseline 0.013 -46"><span class='ocrx_word' id='word_1_190' title='bbox 134 2299 300 2364; x_wconf 81' lang='lat' dir='ltr'><strong>lunae</strong></span> <span class='ocrx_word' id='word_1_191' title='bbox 328 2328 340 2378; x_wconf 89' lang='lat'>;</span> <span class='ocrx_word' id='word_1_192' title='bbox 388 2304 536 2367; x_wconf 92' lang='lat' dir='ltr'><strong>dein</strong></span> <span class='ocrx_word' id='word_1_193' title='bbox 569 2308 842 2371; x_wconf 88' lang='lat' dir='ltr'><strong>affluxus</strong></span> <span class='ocrx_word' id='word_1_194' title='bbox 878 2313 1195 2376; x_wconf 87' lang='lat' dir='ltr'><strong>maximus</strong></span> <span class='ocrx_word' id='word_1_195' title='bbox 1229 2314 1290 2375; x_wconf 93' lang='lat' dir='ltr'><strong>in</strong></span> <span class='ocrx_word' id='word_1_196' title='bbox 1320 2316 1389 2395; x_wconf 89' lang='lat' dir='ltr'><em>f</em></span> <span class='ocrx_word' id='word_1_197' title='bbox 1417 2316 1574 2380; x_wconf 92' lang='lat' dir='ltr'><strong>hora</strong></span> <span class='ocrx_word' id='word_1_198' title='bbox 1606 2321 1793 2382; x_wconf 90' lang='lat' dir='ltr'><strong>tertia</strong></span> <span class='ocrx_word' id='word_1_199' title='bbox 1823 2337 1971 2404; x_wconf 90' lang='lat' dir='ltr'><strong>post</strong></span> <span class='ocrx_word' id='word_1_200' title='bbox 2001 2326 2340 2408; x_wconf 91' lang='lat' dir='ltr'><strong>appulsum</strong></span> <span class='ocrx_word' id='word_1_201' title='bbox 2379 2329 2547 2395; x_wconf 81' lang='lat' dir='ltr'><strong>lunae</strong></span> <span class='ocrx_word' id='word_1_202' title='bbox 2578 2333 2660 2396; x_wconf 93' lang='lat' dir='ltr'><strong>ad</strong></span> 
     </span>
     <span class='ocr_line' id='line_1_26' title="bbox 135 2405 2663 2509; baseline 0.014 -46"><span class='ocrx_word' id='word_1_203' title='bbox 135 2405 553 2468; x_wconf 90' lang='lat' dir='ltr'><strong>meridianum</strong></span> <span class='ocrx_word' id='word_1_204' title='bbox 610 2409 770 2472; x_wconf 91' lang='lat' dir='ltr'><strong>infra</strong></span> <span class='ocrx_word' id='word_1_205' title='bbox 820 2412 1255 2490; x_wconf 88' lang='lat' dir='ltr'><strong>horizontem;</strong></span> <span class='ocrx_word' id='word_1_206' title='bbox 1305 2416 1528 2482; x_wconf 90' lang='lat' dir='ltr'><strong>ultimo</strong></span> <span class='ocrx_word' id='word_1_207' title='bbox 1581 2420 1877 2486; x_wconf 86' lang='lat' dir='ltr'><strong>defluxus</strong></span> <span class='ocrx_word' id='word_1_208' title='bbox 1928 2429 2245 2492; x_wconf 86' lang='lat' dir='ltr'><strong>maximus</strong></span> <span class='ocrx_word' id='word_1_209' title='bbox 2300 2431 2362 2493; x_wconf 91' lang='lat' dir='ltr'><strong>in</strong></span> <span class='ocrx_word' id='word_1_210' title='bbox 2402 2433 2460 2509; x_wconf 75' lang='lat' dir='ltr'><em>Q</em></span> <span class='ocrx_word' id='word_1_211' title='bbox 2505 2434 2663 2497; x_wconf 94' lang='lat' dir='ltr'><strong>hora</strong></span> 
     </span>
     <span class='ocr_line' id='line_1_27' title="bbox 134 2506 2661 2617; baseline 0.013 -52"><span class='ocrx_word' id='word_1_212' title='bbox 134 2506 318 2567; x_wconf 88' lang='lat' dir='ltr'><strong>tertia</strong></span> <span class='ocrx_word' id='word_1_213' title='bbox 363 2521 511 2588; x_wconf 92' lang='lat' dir='ltr'><strong>post</strong></span> <span class='ocrx_word' id='word_1_214' title='bbox 556 2524 764 2572; x_wconf 91' lang='lat' dir='ltr'><strong>ortum</strong></span> <span class='ocrx_word' id='word_1_215' title='bbox 812 2511 1020 2590; x_wconf 77' lang='lat' dir='ltr'><strong>lunae;</strong></span> <span class='ocrx_word' id='word_1_216' title='bbox 1071 2516 1133 2578; x_wconf 82' lang='lat'>&amp;</span> <span class='ocrx_word' id='word_1_217' title='bbox 1178 2519 1453 2582; x_wconf 85' lang='lat' dir='ltr'><strong>affluxus</strong></span> <span class='ocrx_word' id='word_1_218' title='bbox 1507 2524 1823 2603; x_wconf 88' lang='lat' dir='ltr'><strong>posterior</strong></span> <span class='ocrx_word' id='word_1_219' title='bbox 1853 2526 1916 2587; x_wconf 89' lang='lat' dir='ltr'><strong>in</strong></span> <span class='ocrx_word' id='word_1_220' title='bbox 1951 2528 2020 2609; x_wconf 85' lang='lat' dir='ltr'><em>f</em></span> <span class='ocrx_word' id='word_1_221' title='bbox 2057 2530 2177 2592; x_wconf 92' lang='lat' dir='ltr'><strong>erit</strong></span> <span class='ocrx_word' id='word_1_222' title='bbox 2229 2532 2437 2596; x_wconf 91' lang='lat' dir='ltr'><strong>minor</strong></span> <span class='ocrx_word' id='word_1_223' title='bbox 2466 2554 2661 2617; x_wconf 88' lang='lat' dir='ltr'><strong>quam</strong></span> 
     </span>
     <span class='ocr_line' id='line_1_28' title="bbox 133 2609 2657 2703; baseline 0.012 -33"><span class='ocrx_word' id='word_1_224' title='bbox 133 2609 402 2672; x_wconf 83' lang='lat' dir='ltr'><strong>affluxus</strong></span> <span class='ocrx_word' id='word_1_225' title='bbox 435 2614 607 2694; x_wconf 87' lang='lat' dir='ltr'><strong>prior</strong></span> <span class='ocrx_word' id='word_1_226' title='bbox 639 2615 701 2676; x_wconf 90' lang='lat' dir='ltr'><strong>in</strong></span> <span class='ocrx_word' id='word_1_227' title='bbox 748 2618 820 2679; x_wconf 87' lang='lat' dir='ltr'><strong>F.</strong></span> <span class='ocrx_word' id='word_1_228' title='bbox 920 2618 1357 2703; x_wconf 90' lang='lat' dir='ltr'><strong>Distinguitur</strong></span> <span class='ocrx_word' id='word_1_229' title='bbox 1387 2624 1558 2686; x_wconf 91' lang='lat' dir='ltr'><strong>enim</strong></span> <span class='ocrx_word' id='word_1_230' title='bbox 1605 2648 1781 2690; x_wconf 91' lang='lat' dir='ltr'><strong>mare</strong></span> <span class='ocrx_word' id='word_1_231' title='bbox 1827 2642 2031 2692; x_wconf 90' lang='lat' dir='ltr'><strong>totum</strong></span> <span class='ocrx_word' id='word_1_232' title='bbox 2088 2633 2149 2694; x_wconf 91' lang='lat' dir='ltr'><strong>in</strong></span> <span class='ocrx_word' id='word_1_233' title='bbox 2199 2634 2362 2698; x_wconf 90' lang='lat' dir='ltr'><strong>duos</strong></span> <span class='ocrx_word' id='word_1_234' title='bbox 2393 2627 2657 2702; x_wconf 89' lang='lat' dir='ltr'><strong>omnino</strong></span> 
     </span>
    </p>
   </div>
   <div class='ocr_carea' id='block_1_3' title="bbox 174 87 1895 204">
    <p class='ocr_par' dir='ltr' id='par_1_3' title="bbox 174 87 1895 204">
     <span class='ocr_line' id='line_1_29' title="bbox 174 87 1895 204; baseline 0.001 -15"><span class='ocrx_word' id='word_1_235' title='bbox 174 131 302 204; x_wconf 89' lang='lat'><strong>426</strong></span> <span class='ocrx_word' id='word_1_236' title='bbox 453 87 459 93; x_wconf 93' lang='lat'><strong>·</strong></span> <span class='ocrx_word' id='word_1_237' title='bbox 957 134 1076 183; x_wconf 90' lang='lat' dir='ltr'><strong>DE</strong></span> <span class='ocrx_word' id='word_1_238' title='bbox 1111 134 1190 185; x_wconf 86' lang='lat' dir='ltr'><em>M</em></span> <span class='ocrx_word' id='word_1_239' title='bbox 1194 133 1402 186; x_wconf 88' lang='lat' dir='ltr'><em>UNDI</em></span> <span class='ocrx_word' id='word_1_240' title='bbox 1424 136 1470 188; x_wconf 89' lang='lat' dir='ltr'><em>S</em></span> <span class='ocrx_word' id='word_1_241' title='bbox 1481 137 1787 190; x_wconf 79' lang='lat' dir='ltr'><em>YSTEMA</em></span> <span class='ocrx_word' id='word_1_242' title='bbox 1796 140 1895 190; x_wconf 87' lang='lat' dir='ltr'><strong>TE</strong></span> 
     </span>
    </p>
   </div>
   <div class='ocr_carea' id='block_1_4' title="bbox 1317 0 2852 2168">
    <p class='ocr_par' dir='ltr' id='par_1_4' title="bbox 1317 0 2852 2168">
     <span class='ocr_line' id='line_1_30' title="bbox 1317 0 2852 2168; baseline 0 0"><span class='ocrx_word' id='word_1_243' title='bbox 1317 983 2622 1854; x_wconf 95' lang='lat' dir='ltr'><strong>  </strong></span> <span class='ocrx_word' id='word_1_244' title='bbox 1991 983 2622 1088; x_wconf 95' lang='lat' dir='ltr'><strong> </strong></span> <span class='ocrx_word' id='word_1_245' title='bbox 2782 0 2852 2168; x_wconf 95' lang='lat' dir='ltr'><strong> </strong></span> 
     </span>
    </p>
   </div>
   <div class='ocr_carea' id='block_1_5' title="bbox 123 2814 2652 3521">
    <p class='ocr_par' dir='ltr' id='par_1_5' title="bbox 123 2814 2652 3521">
     <span class='ocr_line' id='line_1_31' title="bbox 128 2814 2652 2920; baseline 0.013 -48"><span class='ocrx_word' id='word_1_246' title='bbox 128 2826 405 2894; x_wconf 84' lang='lat' dir='ltr'><strong>gentem,</strong></span> <span class='ocrx_word' id='word_1_247' title='bbox 440 2814 707 2878; x_wconf 86' lang='lat' dir='ltr'><strong>alterum</strong></span> <span class='ocrx_word' id='word_1_248' title='bbox 743 2819 804 2879; x_wconf 92' lang='lat' dir='ltr'><strong>in</strong></span> <span class='ocrx_word' id='word_1_249' title='bbox 852 2819 1305 2904; x_wconf 64' lang='lat' dir='ltr'><strong>hemisphaerio</strong></span> <span class='ocrx_word' id='word_1_250' title='bbox 1337 2829 1636 2909; x_wconf 89' lang='lat' dir='ltr'><strong>opposito</strong></span> <span class='ocrx_word' id='word_1_251' title='bbox 1667 2831 1749 2892; x_wconf 84' lang='lat' dir='ltr'><em>K</em></span> <span class='ocrx_word' id='word_1_252' title='bbox 1762 2832 1805 2893; x_wconf 73' lang='lat' dir='ltr'><strong>lc</strong></span> <span class='ocrx_word' id='word_1_253' title='bbox 1827 2832 1916 2905; x_wconf 73' lang='lat' dir='ltr'><strong>k,·</strong></span> <span class='ocrx_word' id='word_1_254' title='bbox 1962 2855 2124 2916; x_wconf 89' lang='lat' dir='ltr'><strong>quos</strong></span> <span class='ocrx_word' id='word_1_255' title='bbox 2171 2837 2363 2920; x_wconf 90' lang='lat' dir='ltr'><strong>igitur</strong></span> <span class='ocrx_word' id='word_1_256' title='bbox 2393 2839 2652 2904; x_wconf 90' lang='lat' dir='ltr'><strong>fluctum</strong></span> 
     </span>
     <span class='ocr_line' id='line_1_32' title="bbox 131 2913 2650 3022; baseline 0.013 -50"><span class='ocrx_word' id='word_1_257' title='bbox 131 2913 450 2976; x_wconf 92' lang='lat' dir='ltr'><strong>borealem</strong></span> <span class='ocrx_word' id='word_1_258' title='bbox 484 2917 545 2978; x_wconf 71' lang='lat' dir='ltr'><strong>Sc</strong></span> <span class='ocrx_word' id='word_1_259' title='bbox 571 2918 830 2981; x_wconf 87' lang='lat' dir='ltr'><strong>fluctum</strong></span> <span class='ocrx_word' id='word_1_260' title='bbox 863 2922 1206 2986; x_wconf 90' lang='lat' dir='ltr'><strong>australem</strong></span> <span class='ocrx_word' id='word_1_261' title='bbox 1235 2928 1564 2992; x_wconf 88' lang='lat' dir='ltr'><strong>nominare</strong></span> <span class='ocrx_word' id='word_1_262' title='bbox 1596 2930 1757 2994; x_wconf 90' lang='lat' dir='ltr'><strong>licet.</strong></span> <span class='ocrx_word' id='word_1_263' title='bbox 1859 2933 1952 2996; x_wconf 90' lang='lat' dir='ltr'><strong>Hi</strong></span> <span class='ocrx_word' id='word_1_264' title='bbox 1985 2935 2214 2999; x_wconf 89' lang='lat' dir='ltr'><strong>fluctus</strong></span> <span class='ocrx_word' id='word_1_265' title='bbox 2246 2960 2502 3022; x_wconf 88' lang='lat' dir='ltr'><strong>semper</strong></span> <span class='ocrx_word' id='word_1_266' title='bbox 2530 2942 2650 3004; x_wconf 89' lang='lat' dir='ltr'><strong>sibi</strong></span> 
     </span>
     <span class='ocr_line' id='line_1_33' title="bbox 131 3019 2646 3125; baseline 0.013 -52"><span class='ocrx_word' id='word_1_267' title='bbox 131 3027 352 3077; x_wconf 92' lang='lat' dir='ltr'><strong>mutuo</strong></span> <span class='ocrx_word' id='word_1_268' title='bbox 398 3019 674 3098; x_wconf 91' lang='lat' dir='ltr'><strong>oppositi</strong></span> <span class='ocrx_word' id='word_1_269' title='bbox 706 3023 973 3084; x_wconf 90' lang='lat' dir='ltr'><strong>veniunt</strong></span> <span class='ocrx_word' id='word_1_270' title='bbox 1003 3046 1120 3105; x_wconf 91' lang='lat' dir='ltr'><strong>per</strong></span> <span class='ocrx_word' id='word_1_271' title='bbox 1150 3026 1322 3090; x_wconf 91' lang='lat' dir='ltr'><strong>vices</strong></span> <span class='ocrx_word' id='word_1_272' title='bbox 1355 3030 1436 3090; x_wconf 90' lang='lat' dir='ltr'><strong>ad</strong></span> <span class='ocrx_word' id='word_1_273' title='bbox 1485 3033 1872 3097; x_wconf 91' lang='lat' dir='ltr'><strong>meridianos</strong></span> <span class='ocrx_word' id='word_1_274' title='bbox 1905 3034 2187 3100; x_wconf 88' lang='lat' dir='ltr'><strong>locorum</strong></span> <span class='ocrx_word' id='word_1_275' title='bbox 2233 3040 2646 3125; x_wconf 90' lang='lat' dir='ltr'><strong>singulorum,</strong></span> 
     </span>
     <span class='ocr_line' id='line_1_34' title="bbox 129 3114 2648 3231; baseline 0.015 -57"><span class='ocrx_word' id='word_1_276' title='bbox 129 3114 503 3197; x_wconf 89' lang='lat' dir='ltr'><strong>interposito</strong></span> <span class='ocrx_word' id='word_1_277' title='bbox 537 3120 869 3186; x_wconf 91' lang='lat' dir='ltr'><strong>intervallo</strong></span> <span class='ocrx_word' id='word_1_278' title='bbox 901 3125 1198 3191; x_wconf 90' lang='lat' dir='ltr'><strong>horarum</strong></span> <span class='ocrx_word' id='word_1_279' title='bbox 1231 3130 1545 3196; x_wconf 90' lang='lat' dir='ltr'><strong>lunarium</strong></span> <span class='ocrx_word' id='word_1_280' title='bbox 1578 3136 1934 3203; x_wconf 90' lang='lat' dir='ltr'><strong>duodecim.</strong></span> <span class='ocrx_word' id='word_1_281' title='bbox 2033 3142 2328 3227; x_wconf 91' lang='lat' dir='ltr'><strong>Cumque</strong></span> <span class='ocrx_word' id='word_1_282' title='bbox 2353 3148 2648 3231; x_wconf 91' lang='lat' dir='ltr'><strong>regiones</strong></span> 
     </span>
     <span class='ocr_line' id='line_1_35' title="bbox 126 3215 2645 3333; baseline 0.015 -59"><span class='ocrx_word' id='word_1_283' title='bbox 126 3215 415 3279; x_wconf 90' lang='lat' dir='ltr'><strong>boreales</strong></span> <span class='ocrx_word' id='word_1_284' title='bbox 483 3221 688 3303; x_wconf 89' lang='lat' dir='ltr'><strong>magis</strong></span> <span class='ocrx_word' id='word_1_285' title='bbox 749 3225 1130 3307; x_wconf 90' lang='lat' dir='ltr'><strong>participant</strong></span> <span class='ocrx_word' id='word_1_286' title='bbox 1198 3231 1458 3295; x_wconf 86' lang='lat' dir='ltr'><strong>fluctum</strong></span> <span class='ocrx_word' id='word_1_287' title='bbox 1527 3236 1867 3313; x_wconf 90' lang='lat' dir='ltr'><strong>borealem,</strong></span> <span class='ocrx_word' id='word_1_288' title='bbox 1933 3241 1995 3303; x_wconf 85' lang='lat'>&amp;</span> <span class='ocrx_word' id='word_1_289' title='bbox 2061 3244 2371 3308; x_wconf 86' lang='lat' dir='ltr'><strong>australes</strong></span> <span class='ocrx_word' id='word_1_290' title='bbox 2439 3250 2645 3333; x_wconf 89' lang='lat' dir='ltr'><strong>magis</strong></span> 
     </span>
     <span class='ocr_line' id='line_1_36' title="bbox 123 3317 2645 3426; baseline 0.014 -50"><span class='ocrx_word' id='word_1_291' title='bbox 123 3317 480 3393; x_wconf 90' lang='lat' dir='ltr'><strong>australem,</strong></span> <span class='ocrx_word' id='word_1_292' title='bbox 531 3322 679 3385; x_wconf 93' lang='lat' dir='ltr'><strong>inde</strong></span> <span class='ocrx_word' id='word_1_293' title='bbox 728 3326 1016 3388; x_wconf 86' lang='lat' dir='ltr'><strong>oriuntur</strong></span> <span class='ocrx_word' id='word_1_294' title='bbox 1060 3345 1254 3394; x_wconf 78' lang='lat' dir='ltr'><strong>aestus</strong></span> <span class='ocrx_word' id='word_1_295' title='bbox 1314 3333 1573 3399; x_wconf 90' lang='lat' dir='ltr'><strong>alternis</strong></span> <span class='ocrx_word' id='word_1_296' title='bbox 1620 3340 1867 3402; x_wconf 92' lang='lat' dir='ltr'><strong>vicibus</strong></span> <span class='ocrx_word' id='word_1_297' title='bbox 1918 3343 2193 3426; x_wconf 91' lang='lat' dir='ltr'><strong>majores</strong></span> <span class='ocrx_word' id='word_1_298' title='bbox 2243 3345 2306 3408; x_wconf 69' lang='grc' dir='ltr'>ἃ</span> <span class='ocrx_word' id='word_1_299' title='bbox 2365 3347 2645 3413; x_wconf 90' lang='lat' dir='ltr'><strong>minores</strong></span> 
     </span>
     <span class='ocr_line' id='line_1_37' title="bbox 123 3415 2641 3521; baseline 0.015 -45"><span class='ocrx_word' id='word_1_300' title='bbox 123 3416 186 3477; x_wconf 90' lang='lat' dir='ltr'><strong>in</strong></span> <span class='ocrx_word' id='word_1_301' title='bbox 239 3415 394 3480; x_wconf 88' lang='lat' dir='ltr'><strong>locis</strong></span> <span class='ocrx_word' id='word_1_302' title='bbox 448 3421 714 3505; x_wconf 90' lang='lat' dir='ltr'><strong>singulis</strong></span> <span class='ocrx_word' id='word_1_303' title='bbox 767 3439 947 3488; x_wconf 86' lang='lat' dir='ltr'><strong>extra</strong></span> <span class='ocrx_word' id='word_1_304' title='bbox 995 3445 1404 3511; x_wconf 83' lang='lat' dir='ltr'><strong>aequatorem,</strong></span> <span class='ocrx_word' id='word_1_305' title='bbox 1457 3438 1520 3498; x_wconf 93' lang='lat' dir='ltr'><strong>in</strong></span> <span class='ocrx_word' id='word_1_306' title='bbox 1569 3441 1800 3521; x_wconf 89' lang='lat' dir='ltr'><strong>quibus</strong></span> <span class='ocrx_word' id='word_1_307' title='bbox 1853 3440 2187 3508; x_wconf 91' lang='lat' dir='ltr'><strong>luminaria</strong></span> <span class='ocrx_word' id='word_1_308' title='bbox 2239 3449 2527 3512; x_wconf 91' lang='lat' dir='ltr'><strong>oriuntur</strong></span> <span class='ocrx_word' id='word_1_309' title='bbox 2579 3451 2641 3514; x_wconf 79' lang='lat' dir='ltr'><strong>8c</strong></span> 
     </span>
    </p>
   </div>
   <div class='ocr_carea' id='block_1_6' title="bbox 121 3518 2637 3623">
    <p class='ocr_par' dir='ltr' id='par_1_6' title="bbox 121 3518 2637 3623">
     <span class='ocr_line' id='line_1_38' title="bbox 121 3518 2637 3623; baseline 0.015 -47"><span class='ocrx_word' id='word_1_310' title='bbox 121 3518 433 3581; x_wconf 90' lang='lat' dir='ltr'><strong>occidunt.</strong></span> <span class='ocrx_word' id='word_1_311' title='bbox 531 3522 763 3585; x_wconf 88' lang='lat' dir='ltr'><strong>AEstus</strong></span> <span class='ocrx_word' id='word_1_312' title='bbox 810 3541 1024 3590; x_wconf 91' lang='lat' dir='ltr'><strong>autem</strong></span> <span class='ocrx_word' id='word_1_313' title='bbox 1072 3533 1288 3614; x_wconf 90' lang='lat' dir='ltr'><strong>major,</strong></span> <span class='ocrx_word' id='word_1_314' title='bbox 1322 3533 1472 3598; x_wconf 91' lang='lat' dir='ltr'><strong>luna</strong></span> <span class='ocrx_word' id='word_1_315' title='bbox 1514 3561 1576 3600; x_wconf 82' lang='grc' dir='ltr'><strong>ιη</strong></span> <span class='ocrx_word' id='word_1_316' title='bbox 1623 3541 1929 3604; x_wconf 92' lang='lat' dir='ltr'><strong>verticem</strong></span> <span class='ocrx_word' id='word_1_317' title='bbox 1975 3542 2094 3607; x_wconf 92' lang='lat' dir='ltr'><strong>loci</strong></span> <span class='ocrx_word' id='word_1_318' title='bbox 2126 3546 2502 3623; x_wconf 90' lang='lat' dir='ltr'><strong>declinante,</strong></span> <span class='ocrx_word' id='word_1_319' title='bbox 2547 3551 2637 3613; x_wconf 91' lang='lat' dir='ltr'><strong>in-</strong></span> 
     </span>
    </p>
   </div>
   <div class='ocr_carea' id='block_1_7' title="bbox 2743 2464 2825 4250">
    <p class='ocr_par' dir='ltr' id='par_1_7' title="bbox 2743 2464 2825 4250">
     <span class='ocr_line' id='line_1_39' title="bbox 2743 2464 2825 4250; baseline 0 0"><span class='ocrx_word' id='word_1_320' title='bbox 2743 2464 2825 4250; x_wconf 95' lang='lat' dir='ltr'><strong> </strong></span> 
     </span>
    </p>
   </div>
  </div>
 </body>
</html>
