2846 4250
1137 95 1375 145 LIBER
1414 94 1750 145 TERTIUS.
2537 104 2654 178 481

227 260 385 323 infra
403 261 636 343 jovem.
733 259 927 320 Unde
968 278 1358 338 consequens
1409 268 1507 318 est
1555 256 1727 336 quod
1778 257 1839 317 in
1887 259 2174 340 perigaeis
2226 261 2287 322 &
2336 263 2662 341 periheliis,

226 359 333 420 ubi
383 358 636 439 propius
688 357 934 430 adsunt,
965 357 1357 418 descendunt
1398 355 1628 435 saepius
1681 354 1838 415 infra
1887 357 2069 417 orbes
2120 360 2332 420 martis
2363 361 2662 424 &·inferi-

227 479 408 520 orum
437 446 842 537 planetarum.
2118 539 2123 545 ι

341 556 762 618 Confirmatur
788 554 977 616 etiam
1001 552 1430 634 propinquitas
1461 564 1841 613 cometarum
1860 574 1939 612 ex
1968 550 2103 614 luce
2127 555 2412 634 capitum.
2495 557 2664 619 Nam

225 653 498 734 corporis
543 651 812 713 coelestis
849 673 887 712 a
915 649 1048 712 sole
1092 648 1376 710 illustrati
1424 648 1485 709 81
1530 648 1590 708 in
1630 650 1922 730 regiones
1967 650 2337 732 longinquas
2381 654 2665 715 abeuntis

225 751 588 812 diminuitur
615 748 912 830 splendor
949 749 1010 809 in
1055 746 1526 828 quadruplicata
1569 747 1807 808 ratione
1851 747 2201 810 distantiae:
2247 750 2308 809 in
2355 749 2666 830 duplicata

225 849 466 909 ratione
522 846 813 908 videlicet
863 847 945 908 ob
1003 858 1250 906 auctam
1302 843 1576 924 corporis
1622 845 1979 906 distantiam
2030 869 2068 907 a
2118 847 2264 923 sole,
2322 849 2382 910 &
2434 850 2495 909 in
2548 850 2667 911 alia

225 945 538 1026 duplicata
583 946 823 1006 ratione
869 945 952 1006 ob
999 944 1367 1004 diminutam
1419 943 1790 1003 diametrum
1837 958 2257 1024 apparentem.
2371 948 2564 1009 Unde
2615 951 2666 1011 si

225 1045 408 1106 detur
451 1044 512 1105 &
561 1043 713 1105 lucis
765 1043 1080 1125 quantitas
1133 1042 1194 1102 &
1246 1063 1554 1122 apparens
1606 1042 1910 1103 diameter
1954 1058 2214 1105 cometae
2252 1046 2500 1107 dabitur
2541 1048 2663 1108 dis-

224 1143 434 1214 tantia,
466 1142 734 1207 dicendo
780 1142 949 1222 quod
1001 1141 1296 1202 distantia
1341 1142 1422 1201 sit
1471 1142 1552 1201 ad
1600 1142 1956 1202 distantiam
2002 1141 2271 1222 planetae
2323 1144 2384 1204 in
2431 1146 2666 1206 ratione

223 1241 510 1302 diametri
540 1241 622 1301 ad
652 1241 1024 1302 diametrum
1053 1240 1287 1300 directe
1319 1239 1380 1300 &
1425 1240 1663 1300 ratione
1707 1239 2138 1320 subduplicata
2171 1240 2323 1302 lucis
2354 1243 2433 1303 ad
2464 1243 2663 1304 lucem

225 1339 487 1401 inverse.
579 1339 685 1400 Sic
714 1339 971 1399 minima
999 1335 1271 1417 capillitii
1303 1350 1562 1398 cometae
1594 1338 1738 1397 anni
1778 1340 1930 1398 1682
1966 1338 2282 1411 diameter,
2308 1361 2421 1419 per
2449 1342 2666 1401 tubum

224 1437 499 1518 opticum
557 1436 874 1498 sexdecim
933 1435 1165 1516 pedum
1235 1456 1274 1495 a
1329 1436 1703 1496 Flamstedz'o
1770 1436 2102 1497 observata
2153 1435 2215 1496 &
2275 1440 2666 1500 micrometro

225 1546 596 1607 mensurata,
657 1533 950 1614 aequabat
1010 1531 1068 1593 2'
1125 1531 1244 1606 o'';
1320 1530 1574 1592 nucleus
1633 1544 1843 1593 autem
1915 1554 2025 1593 seu
2090 1531 2269 1593 stella
2341 1535 2401 1594 in
2461 1537 2669 1597 medio

224 1632 444 1713 capitis
501 1633 610 1693 vix
667 1631 975 1692 decimam
1033 1642 1276 1710 partem
1335 1628 1680 1690 latitudinis
1739 1630 1921 1711 hujus
1980 1633 2337 1711 occupabat,
2400 1633 2668 1714 ideoque

223 1729 350 1791 lata
377 1743 511 1792 erat
539 1743 781 1792 tantum
821 1729 936 1789 11''
966 1727 1067 1790 vel
1109 1727 1241 1791 12⁰.
1348 1729 1519 1790 Luce
1569 1750 1722 1790 vero
1768 1728 1828 1789 Sc
1875 1728 2152 1790 claritate
2196 1731 2413 1810 capitis
2457 1753 2667 1811 super-

224 1831 372 1891 abat
400 1843 586 1911 caput
614 1842 874 1891 cometae
918 1829 1064 1889 anni
1119 1831 1292 1901 1680,
1325 1826 1661 1908 stellasque
1704 1828 1922 1908 primae
1966 1827 2066 1888 vel
2111 1830 2403 1890 secundae
2435 1832 2670 1911 magni-

224 1929 457 1991 tudinis
514 1928 935 1991 aemulabatur.
1075 1928 1387 1989 Ponamus
1445 1941 1768 1989 saturnum
1837 1949 1977 1988 cum
2035 1926 2264 1989 annulo
2322 1950 2436 1990 suo
2494 1931 2669 2009 quasi

225 2025 574 2108 quadruplo
624 2025 984 2088 lucidiorem
1031 2025 1267 2088 fuisse:
1339 2026 1400 2087 &
1451 2027 1747 2107 quoniam
1798 2025 1905 2086 lux
1956 2024 2165 2086 annuli
2217 2028 2669 2106 propemodum

225 2125 516 2205 aequabat
544 2123 744 2186 lucem
773 2123 951 2205 globi
977 2124 1343 2196 intermedii,
1378 2124 1437 2185 &
1482 2126 1786 2186 diameter
1828 2146 2134 2204 apparens
2177 2123 2346 2206 globi
2384 2126 2464 2186 sit
2494 2127 2669 2206 quasi

230 2222 351 2284 21''
410 2223 676 2303 ideoque
734 2221 841 2283 lux
899 2220 1069 2304 globi
1123 2222 1183 2283 &
1235 2221 1445 2283 annuli
1499 2224 1875 2305 conjunctim
1929 2236 2204 2302 aequaret
2249 2222 2448 2284 lucem
2494 2224 2663 2306 globi

225 2322 399 2403 cujus
428 2320 732 2382 diameter
759 2334 926 2382 esset
959 2319 1096 2398 3o'',
1144 2321 1260 2381 erit
1290 2322 1586 2383 distantia
1616 2335 1876 2383 cometae
1908 2322 1987 2381 ad
2027 2322 2382 2381 distantiam
2430 2325 2663 2384 saturni

226 2431 296 2479 ut
355 2439 376 2478 1
437 2419 518 2479 ad
582 2417 654 2496 A
671 2439 712 2496 4
764 2418 1010 2479 inverse
1060 2418 1120 2479 &
1178 2418 1293 2479 12'l
1345 2420 1425 2480 ad
1482 2419 1602 2498 3o''
1656 2420 2012 2503 directe,·id
2058 2433 2170 2494 est,
2219 2434 2287 2481 ut
2337 2441 2416 2497 24
2460 2422 2539 2481 ad
2588 2443 2668 2500 3o

224 2538 336 2577 seu
367 2537 408 2593 4
437 2517 519 2577 ad
555 2534 607 2595 5.
702 2518 944 2578 Rursus
997 2530 1248 2579 cometa·
1288 2519 1434 2579 anni
1494 2524 1647 2597 1665
1705 2541 1919 2580 mense
1971 2518 2160 2599 aprili,
2194 2534 2262 2579 ut
2312 2533 2527 2580 auctor
2572 2534 2669 2581 est

225 2616 539 2688 Hevelz'us‚
571 2614 846 2677 claritate
890 2638 1003 2676 sua
1046 2638 1208 2696 pene
1253 2616 1408 2677 fixas
1453 2639 1670 2678 omnes
1715 2619 2062 2697 superabat,
2097 2619 2434 2698 quinetiam
2468 2620 2669 2699 ipsum

225 2726 562 2786 saturnum,
617 2715 855 2775 ratione
906 2712 1128 2776 coloris
1180 2714 1474 2776 videlicet
1524 2714 1712 2797 longe
1763 2717 2099 2777 vividioriS.
2217 2717 2471 2797 Quippe
2522 2718 2668 2779 luci-

225 2810 364 2872 dior
391 2825 523 2873 erat
562 2812 661 2873 hic
713 2826 955 2873 cometa
998 2811 1193 2874 altero
1239 2812 1355 2885 illo,
1390 2815 1494 2894 qui
1549 2815 1609 2874 in
1660 2814 1782 2875 fine
1829 2816 1972 2875 anni
2025 2816 2432 2894 praecedentis
2480 2839 2667 2896 appa-

227 2922 450 2984 ruerat,
506 2909 567 2970 &
617 2932 758 2971 cum
808 2909 1001 2971 stellis
1052 2913 1270 2992 primae
1314 2914 1760 2995 magnitudinis
1812 2913 2255 2975 conferebatur.
2372 2915 2669 2976 Latitudo

227 3006 498 3087 capillitii
556 3022 690 3070 erat
747 3010 923 3090 quasi
984 3010 1058 3083 6‘,
1119 3024 1184 3072 at
1255 3012 1508 3074 nucleus
1581 3035 1720 3073 cum
1794 3010 2058 3091 planetis
2117 3034 2236 3091 ope
2295 3013 2425 3072 tubi
2484 3015 2669 3093 optici

226 3105 484 3168 collatus
534 3107 719 3188 plane
771 3109 974 3170 minor
1023 3123 1157 3170 erat
1198 3111 1366 3192 jove,
1420 3111 1480 3171 &
1532 3133 1694 3171 nunc
1743 3112 1944 3171 minor
1993 3132 2251 3190 corpore
2304 3112 2669 3174 intermedio

228 3205 479 3276 saturni,
517 3226 678 3266 nunc
730 3206 845 3285 ipsi
898 3206 1156 3286 aequalis
1193 3209 1605 3289 judicabatur.
1702 3210 1893 3270 Porro
1940 3231 2079 3269 cum
2129 3210 2432 3271 diameter
2483 3212 2665 3291 capil-

228 3299 340 3363 litii
399 3315 779 3363 cometarum
840 3325 978 3365 raro
1029 3318 1281 3384 superet
1334 3306 1392 3367 8²
1436 3306 1537 3367 vel
1593 3306 1704 3382 12'‚
1761 3307 2063 3368 diameter
2105 3329 2255 3367 vero
2308 3307 2504 3367 nuclei
2557 3331 2666 3368 seu

227 3397 423 3460 stellae
453 3399 740 3460 centralis
771 3400 851 3460 sit
881 3403 1057 3481 quasi
1089 3403 1331 3463 decima
1374 3403 1474 3465 vel
1522 3404 1682 3465 forte
1726 3405 1967 3465 decima
2004 3406 2218 3484 quinta
2261 3427 2403 3483 pars
2434 3406 2664 3467 diame-

227 3497 304 3557 tri
335 3497 624 3578 capillitii,
658 3512 830 3578 patet
873 3498 1081 3560 stellas
1133 3500 1318 3562 hasce
1349 3514 1417 3562 ut
1447 3501 1777 3581 plurimum
1809 3503 2088 3584 ejusdem
2133 3524 2270 3562 esse
2314 3505 2667 3581 apparentis

228 3598 672 3678 magnitudinis
703 3619 843 3658 cum
874 3596 1152 3678 planetis,
1249 3600 1441 3661 Unde
1482 3623 1621 3660 cum
1666 3600 1771 3660 lux
1817 3622 2026 3661 earum
2073 3622 2211 3659 cum
2256 3599 2389 3659 luce
2434 3603 2665 3661 saturni

229 3714 353 3757 non
429 3716 567 3757 raro
639 3695 899 3757 conferri
959 3698 1156 3777 possit
1206 3719 1471 3778 eamque
1530 3698 1865 3778 aliquando
1931 3708 2194 3775 superet,
2272 3697 2663 3758 manifestum

1330 3817 1359 3854 2
1413 3817 1455 3854 H
